DATA,DESCRIÇÃO,DOCUMENTO,CRÉDITO,DÉBITO,SALDO,Categoria_Prevista,Categoria_Prevista_Nome
1/4/2022,pg pinternet white martins,10.002.006,,"-R$ 30,90 "," R$ 16.284,18 ",2,Despesas Diversas
1/4/2022,pg pinternet med curitiba,10.001.995,,"-R$ 100,00 "," R$ 16.184,18 ",8,Saúde
1/4/2022,pg pinternet springer carrier,10.002.010,,"-R$ 358,91 "," R$ 15.825,27 ",5,Equipamentos
1/4/2022,credito ted pagseguro internet ltda,33.834.846," R$ 846,95 ",," R$ 16.672,22 ",9,Seguros
1/7/2022,pg pinternet aluguel,10.005.388,,"-R$ 3.046,25 "," R$ 13.625,97 ",0,Aluguel
1/10/2022,prest emprest,8,,"-R$ 1.418,47 "," R$ 12.207,50 ",4,Empréstimos
1/10/2022,db allianz seguro spin de,84624000166,,"-R$ 144,05 "," R$ 12.063,45 ",9,Seguros
1/11/2022,credito ted pagseguro internet ltda,33.655.713," R$ 1.449,70 ",," R$ 13.513,15 ",9,Seguros
1/17/2022,db cotas,19.911,,"-R$ 59,50 "," R$ 13.453,65 ",2,Despesas Diversas
1/17/2022,credito ted pagseguro internet ltda,16," R$ 1.517,30 ",," R$ 14.970,95 ",9,Seguros
1/21/2022,credito ted pagseguro internet ltda,34.071.140," R$ 696,85 ",," R$ 15.667,80 ",9,Seguros
1/24/2022,credito ted pagseguro internet ltda,33.887.899," R$ 807,33 ",," R$ 16.475,13 ",9,Seguros
1/24/2022,pg pinternet cargobr interm e agenc neg s a,10.004.082,,"-R$ 92,52 "," R$ 16.382,61 ",2,Despesas Diversas
1/25/2022,pg pinternet med curitiba,10.003.015,,"-R$ 100,00 "," R$ 16.282,61 ",8,Saúde
1/25/2022,pg pinternet detran taxa licenciamento,10.003.039,,"-R$ 86,50 "," R$ 16.196,11 ",6,Impostos e Taxas
1/25/2022,pg pinternet detran taxa licenciamento,10.003.169,,"-R$ 86,50 "," R$ 16.109,61 ",6,Impostos e Taxas
1/26/2022,credito ted pagseguro internet ltda,33.979.580," R$ 264,30 ",," R$ 16.373,91 ",9,Seguros
1/27/2022,credito ted pagseguro internet ltda,33.991.869," R$ 1.861,80 ",," R$ 18.235,71 ",9,Seguros
1/31/2022,pg pinternet vt luiz e guilherme,10.000.226,,"-R$ 380,63 "," R$ 17.855,08 ",11,Transporte
1/31/2022,credito ted pagseguro internet ltda,34.538.571," R$ 863,14 ",," R$ 18.718,22 ",9,Seguros
2/2/2022,credito ted pagseguro internet ltda,34.042.829," R$ 1.666,76 ",," R$ 20.384,98 ",9,Seguros
2/3/2022,credito ted pagseguro internet ltda,33.928.947," R$ 1.132,17 ",," R$ 21.517,15 ",9,Seguros
2/4/2022,pg pinternet darf irrf,10.003.709,,"-R$ 18,88 "," R$ 21.498,27 ",6,Impostos e Taxas
2/4/2022,pg pinternet conta de agua,10.007.295,,"-R$ 154,06 "," R$ 21.344,21 ",2,Despesas Diversas
2/7/2022,credito ted pagseguro internet ltda,33.004.134," R$ 220,89 ",," R$ 21.565,10 ",9,Seguros
2/7/2022,pg pinternet white martins,10.007.653,,"-R$ 30,90 "," R$ 21.534,20 ",2,Despesas Diversas
2/7/2022,pg pinternet aluguel,10.007.709,,"-R$ 3.391,15 "," R$ 18.143,05 ",0,Aluguel
2/7/2022,pg pinternet refrigeracao dufrio,10.007.787,,"-R$ 376,13 "," R$ 17.766,92 ",2,Despesas Diversas
2/7/2022,pg pinternet springer carrier,10.007.729,,"-R$ 294,52 "," R$ 17.472,40 ",5,Equipamentos
2/7/2022,pg pinternet ciee estagiario gabriel,10.007.890,,"-R$ 396,36 "," R$ 17.076,04 ",3,Educação
2/9/2022,pg pinternet red s a fresnomaq wap,10.003.308,,"-R$ 220,26 "," R$ 16.855,78 ",2,Despesas Diversas
2/9/2022,pg pinternet springer carrier,10.003.419,,"-R$ 105,82 "," R$ 16.749,96 ",5,Equipamentos
2/9/2022,credito ted pagseguro internet ltda,33.986.427," R$ 2.896,89 ",," R$ 19.646,85 ",9,Seguros
2/10/2022,prest emprest,7,,"-R$ 1.418,47 "," R$ 18.228,38 ",4,Empréstimos
2/10/2022,db allianz seguro spin de,84624000166,,"-R$ 144,05 "," R$ 18.084,33 ",9,Seguros
2/15/2022,db cotas,19.911,,"-R$ 59,50 "," R$ 18.024,83 ",2,Despesas Diversas
2/15/2022,pg pinternet carto inter,10.007.750,,"-R$ 2.198,74 "," R$ 15.826,09 ",2,Despesas Diversas
2/18/2022,credito ted pagseguro internet ltda,33.796.704," R$ 1.526,56 ",," R$ 17.352,65 ",9,Seguros
2/22/2022,credito ted pagseguro internet ltda,33.005.336," R$ 881,09 ",," R$ 18.233,74 ",9,Seguros
2/22/2022,pg pinternet net fone,10.002.866,,"-R$ 139,88 "," R$ 18.093,86 ",1,Contas de Consumo
2/22/2022,pg pinternet copel fibra,10.002.877,,"-R$ 149,90 "," R$ 17.943,96 ",2,Despesas Diversas
2/22/2022,pg pinternet celular,10.002.900,,"-R$ 64,98 "," R$ 17.878,98 ",1,Contas de Consumo
2/22/2022,pg pinternet celular,10.002.908,,"-R$ 54,99 "," R$ 17.823,99 ",1,Contas de Consumo
2/22/2022,pg pinternet springer carrier,10.002.925,,"-R$ 69,25 "," R$ 17.754,74 ",5,Equipamentos
2/24/2022,pg pinternet fresnomaq wap,10.001.606,,"-R$ 292,81 "," R$ 17.461,93 ",2,Despesas Diversas
2/25/2022,credito ted pagseguro internet ltda,34.109.324," R$ 595,26 ",," R$ 18.057,19 ",9,Seguros
2/25/2022,pg pinternet vt luiz,10.006.946,,"-R$ 245,63 "," R$ 17.811,56 ",11,Transporte
2/25/2022,pg pinternet med curitiba,10.006.956,,"-R$ 283,00 "," R$ 17.528,56 ",8,Saúde
3/2/2022,credito ted pagseguro internet ltda,33.146.391," R$ 2.625,04 ",," R$ 20.153,60 ",9,Seguros
3/2/2022,pg pinternet springer carrier,10.009.925,,"-R$ 26,00 "," R$ 20.127,60 ",5,Equipamentos
3/2/2022,pg pinternet springer carrier,10.011.744,,"-R$ 123,88 "," R$ 20.003,72 ",5,Equipamentos
3/2/2022,pg pinternet springer carrier,10.011.751,,"-R$ 69,30 "," R$ 19.934,42 ",5,Equipamentos
3/2/2022,pg pinternet white martins,10.011.758,,"-R$ 30,90 "," R$ 19.903,52 ",2,Despesas Diversas
3/4/2022,credito ted pagseguro internet ltda,34.161.234," R$ 440,24 ",," R$ 20.343,76 ",9,Seguros
3/7/2022,pg pinternet pagamento aluguel,10.011.568,,"-R$ 3.391,15 "," R$ 16.952,61 ",0,Aluguel
3/8/2022,pg pinternet ciee estagiario gabriel,10.001.942,,"-R$ 396,36 "," R$ 16.556,25 ",3,Educação
3/8/2022,pg pinternet springer carrier,10.001.956,,"-R$ 294,51 "," R$ 16.261,74 ",5,Equipamentos
3/8/2022,credito ted pagseguro internet ltda,34.191.935," R$ 468,13 ",," R$ 16.729,87 ",9,Seguros
3/9/2022,credito ted picpay servicos s a,33.693.223," R$ 528,70 ",," R$ 17.258,57 ",7,Pagamentos e Créditos
3/10/2022,prest emprest,7,,"-R$ 1.418,47 "," R$ 15.840,10 ",4,Empréstimos
3/10/2022,db allianz seguro spin de,84624000166,,"-R$ 144,05 "," R$ 15.696,05 ",9,Seguros
3/14/2022,cr apl rdcpos,153," R$ 1.500,00 ",," R$ 17.196,05 ",2,Despesas Diversas
3/14/2022,debito pix leonardo compra moto,78.299.960,,"-R$ 16.000,00 "," R$ 1.196,05 ",2,Despesas Diversas
3/14/2022,pix transf pagador,78.299.960,,"-R$ 4,99 "," R$ 1.191,06 ",2,Despesas Diversas
3/15/2022,db cotas,19.911,,"-R$ 59,50 "," R$ 1.131,56 ",2,Despesas Diversas
3/16/2022,credito ted pagseguro internet ltda,34.156.294," R$ 192,22 ",," R$ 1.323,78 ",9,Seguros
3/23/2022,pg pinternet springer carrier,10.000.867,,"-R$ 266,95 "," R$ 1.056,83 ",5,Equipamentos
3/23/2022,pg pinternet copel fibra,10.000.905,,"-R$ 149,90 "," R$ 906,93 ",2,Despesas Diversas
3/23/2022,pg pinternet fresnomaq wap,10.000.881,,"-R$ 218,94 "," R$ 687,99 ",2,Despesas Diversas
3/23/2022,pg pinternet net fone,10.000.893,,"-R$ 148,21 "," R$ 539,78 ",1,Contas de Consumo
3/23/2022,pg pinternet celular,10.000.914,,"-R$ 64,98 "," R$ 474,80 ",1,Contas de Consumo
3/23/2022,pg pinternet springer carrier,10.000.949,,"-R$ 183,61 "," R$ 291,19 ",5,Equipamentos
3/23/2022,pg pinternet springer carrier,10.000.938,,"-R$ 69,24 "," R$ 221,95 ",5,Equipamentos
3/23/2022,credito pix hdi seguros s a reembolso moto nf e,81.010.391," R$ 8.841,87 ",," R$ 9.063,82 ",9,Seguros
3/24/2022,pg pinternet celular,10.001.060,,"-R$ 54,99 "," R$ 9.008,83 ",1,Contas de Consumo
3/28/2022,credito ted pagseguro internet ltda,33.029.925," R$ 1.983,80 ",," R$ 10.992,63 ",9,Seguros
3/28/2022,credito ted picpay servicos s a,33.975.373," R$ 0,02 ",," R$ 10.992,65 ",7,Pagamentos e Créditos
3/29/2022,pg pinternet vale transporte luiz,10.001.180,,"-R$ 255,63 "," R$ 10.737,02 ",11,Transporte
3/29/2022,pg pinternet conselho regional dos tecnicos,10.001.201,,"-R$ 297,95 "," R$ 10.439,07 ",2,Despesas Diversas
3/29/2022,pg pinternet med curitiba,10.001.191,,"-R$ 120,00 "," R$ 10.319,07 ",8,Saúde
3/29/2022,pg pinternet engmec distribuicao,10.001.210,,"-R$ 290,40 "," R$ 10.028,67 ",2,Despesas Diversas
3/29/2022,pg pinternet taxa de corpo de bombeiros,10.001.340,,"-R$ 107,66 "," R$ 9.921,01 ",6,Impostos e Taxas
3/31/2022,credito ted pagseguro internet ltda,34.502.289," R$ 1.453,54 ",," R$ 11.374,55 ",9,Seguros
4/1/2022,pg pinternet springer carrier,10.002.157,,"-R$ 335,09 "," R$ 11.039,46 ",5,Equipamentos
4/1/2022,pg pinternet conta de agua,10.002.202,,"-R$ 159,85 "," R$ 10.879,61 ",2,Despesas Diversas
4/1/2022,pg pinternet white martins,10.002.180,,"-R$ 30,90 "," R$ 10.848,71 ",2,Despesas Diversas
4/1/2022,pg pinternet engmec distribuicao,10.002.228,,"-R$ 290,40 "," R$ 10.558,31 ",2,Despesas Diversas
4/1/2022,credito ted pagseguro internet ltda,33.998.000," R$ 758,68 ",," R$ 11.316,99 ",9,Seguros
4/7/2022,credito ted pagseguro internet ltda,33.810.910," R$ 1.386,33 ",," R$ 12.703,32 ",9,Seguros
4/7/2022,pg pinternet ciee estagiario gabriel,10.002.783,,"-R$ 396,36 "," R$ 12.306,96 ",3,Educação
4/7/2022,pg pinternet pagamento aluguel,10.002.838,,"-R$ 3.391,15 "," R$ 8.915,81 ",0,Aluguel
4/7/2022,pg pinternet springer carrier,10.002.859,,"-R$ 89,24 "," R$ 8.826,57 ",5,Equipamentos
4/7/2022,pg pinternet packpar embalagens eireli,10.002.879,,"-R$ 573,86 "," R$ 8.252,71 ",5,Equipamentos
4/8/2022,credito ted pagseguro internet ltda,33.926.648," R$ 692,18 ",," R$ 8.944,89 ",9,Seguros
4/11/2022,prest emprest,5,,"-R$ 1.418,47 "," R$ 7.526,42 ",4,Empréstimos
4/11/2022,db allianz seguro spin de,84624000166,,"-R$ 144,05 "," R$ 7.382,37 ",9,Seguros
4/12/2022,pg pinternet akrom produtos eletronicos eir,10.004.916,,"-R$ 298,00 "," R$ 7.084,37 ",2,Despesas Diversas
4/12/2022,pg pinternet springer carrier,10.004.933,,"-R$ 29,46 "," R$ 7.054,91 ",5,Equipamentos
4/12/2022,pg pinternet junta comercial do parana,10.004.942,,"-R$ 79,20 "," R$ 6.975,71 ",2,Despesas Diversas
4/12/2022,pg pinternet ciee rescisao estag gabriel,10.004.967,,"-R$ 139,70 "," R$ 6.836,01 ",3,Educação
4/13/2022,credito ted pagseguro internet ltda,33.037.149," R$ 1.154,29 ",," R$ 7.990,30 ",9,Seguros
4/18/2022,db cotas,19.911,,"-R$ 59,50 "," R$ 7.930,80 ",2,Despesas Diversas
4/19/2022,credito ted pagseguro internet ltda,34.113.572," R$ 2.187,24 ",," R$ 10.118,04 ",9,Seguros
4/19/2022,pg pinternet das,10.003.609,,"-R$ 1.964,17 "," R$ 8.153,87 ",2,Despesas Diversas
4/19/2022,pg pinternet springer carrier,10.003.691,,"-R$ 266,94 "," R$ 7.886,93 ",5,Equipamentos
4/19/2022,pg pinternet packpar embalagens eireli,10.003.712,,"-R$ 573,86 "," R$ 7.313,07 ",5,Equipamentos
4/22/2022,db allianz seguro moto de,84624000166,,"-R$ 157,91 "," R$ 7.155,16 ",9,Seguros
4/25/2022,credito ted pagseguro internet ltda,34.540.675," R$ 1.160,70 ",," R$ 8.315,86 ",9,Seguros
4/29/2022,credito ted pagseguro internet ltda,34.283.915," R$ 768,88 ",," R$ 9.084,74 ",9,Seguros
5/3/2022,credito ted pagseguro internet ltda,34.112.145," R$ 400,98 ",," R$ 9.485,72 ",9,Seguros
5/5/2022,credito ted pagseguro internet ltda,33.517.037," R$ 337,14 ",," R$ 9.822,86 ",9,Seguros
5/9/2022,credito ted pagseguro internet ltda,34.694.196," R$ 654,94 ",," R$ 10.477,80 ",9,Seguros
5/10/2022,prest emprest,4,,"-R$ 1.418,47 "," R$ 9.059,33 ",4,Empréstimos
5/10/2022,db allianz seguro spin de,84624000166,,"-R$ 144,12 "," R$ 8.915,21 ",9,Seguros
5/10/2022,credito ted picpay,33.690.555," R$ 504,05 ",," R$ 9.419,26 ",7,Pagamentos e Créditos
5/11/2022,credito ted pagseguro internet ltda,34.249.720," R$ 403,66 ",," R$ 9.822,92 ",9,Seguros
5/12/2022,credito ted pagseguro internet ltda,33.727.837," R$ 481,81 ",," R$ 10.304,73 ",9,Seguros
5/16/2022,db cotas,19.911,,"-R$ 59,50 "," R$ 10.245,23 ",2,Despesas Diversas
5/17/2022,credito ted pagseguro internet ltda,33.794.913," R$ 1.043,81 ",," R$ 11.289,04 ",9,Seguros
5/20/2022,db allianz seguro moto de,84624000166,,"-R$ 157,91 "," R$ 11.131,13 ",9,Seguros
5/23/2022,credito ted pagseguro internet ltda,33.039.610," R$ 1.789,34 ",," R$ 12.920,47 ",9,Seguros
5/27/2022,credito ted pagseguro internet ltda,33.741.404," R$ 622,63 ",," R$ 13.543,10 ",9,Seguros
5/31/2022,credito ted pagseguro internet ltda,34.607.196," R$ 1.124,41 ",," R$ 14.667,51 ",9,Seguros
6/1/2022,credito ted pagseguro internet ltda,34.391.674," R$ 1.196,09 ",," R$ 15.863,60 ",9,Seguros
6/3/2022,credito ted pagseguro internet ltda,33.871.162," R$ 1.394,24 ",," R$ 17.257,84 ",9,Seguros
6/6/2022,credito ted pagseguro internet ltda,33.834.753," R$ 1.371,58 ",," R$ 18.629,42 ",9,Seguros
6/10/2022,prest emprest,4,,"-R$ 1.418,47 "," R$ 17.210,95 ",4,Empréstimos
6/10/2022,credito ted pagseguro internet ltda,34.062.533," R$ 623,77 ",," R$ 17.834,72 ",9,Seguros
6/13/2022,credito ted picpay,33.816.104," R$ 633,67 ",," R$ 18.468,39 ",7,Pagamentos e Créditos
6/13/2022,credito ted pagseguro internet ltda,33.862.292," R$ 781,42 ",," R$ 19.249,81 ",9,Seguros
6/15/2022,db cotas,19.911,,"-R$ 59,50 "," R$ 19.190,31 ",2,Despesas Diversas
6/15/2022,credito ted pagseguro internet ltda,33.849.917," R$ 978,44 ",," R$ 20.168,75 ",9,Seguros
6/17/2022,pg pinternet solucao certificacao digital l,10.005.060,,"-R$ 175,00 "," R$ 19.993,75 ",10,Serviços Digitais
6/17/2022,pg pinternet springer carrier,10.005.084,,"-R$ 49,74 "," R$ 19.944,01 ",5,Equipamentos
6/20/2022,db allianz seguro moto de,84624000166,,"-R$ 157,91 "," R$ 19.786,10 ",9,Seguros
6/20/2022,credito ted pagseguro internet ltda,34.278.316," R$ 489,60 ",," R$ 20.275,70 ",9,Seguros
6/20/2022,pg pinternet das,10.005.972,,"-R$ 3.013,85 "," R$ 17.261,85 ",2,Despesas Diversas
6/20/2022,pg pinternet master filme c embalagens ltda,10.006.015,,"-R$ 426,53 "," R$ 16.835,32 ",5,Equipamentos
6/22/2022,credito ted pagseguro internet ltda,34.025.210," R$ 642,23 ",," R$ 17.477,55 ",9,Seguros
6/23/2022,credito ted pagseguro internet ltda,33.972.045," R$ 1.917,20 ",," R$ 19.394,75 ",9,Seguros
6/23/2022,pg pinternet packpar embalagens eireli,10.003.144,,"-R$ 432,21 "," R$ 18.962,54 ",5,Equipamentos
6/23/2022,pg pinternet master filme c embalagens ltda,10.003.146,,"-R$ 426,53 "," R$ 18.536,01 ",5,Equipamentos
6/24/2022,pg pinternet net fone,10.001.110,,"-R$ 139,88 "," R$ 18.396,13 ",1,Contas de Consumo
6/24/2022,pg pinternet celular,10.001.126,,"-R$ 64,99 "," R$ 18.331,14 ",1,Contas de Consumo
6/24/2022,pg pinternet ligga telecon,10.001.123,,"-R$ 149,90 "," R$ 18.181,24 ",2,Despesas Diversas
6/24/2022,credito ted pagseguro internet ltda,33.422.247," R$ 585,55 ",," R$ 18.766,79 ",9,Seguros
6/24/2022,pg pinternet med curitiba,10.003.245,,"-R$ 156,00 "," R$ 18.610,79 ",8,Saúde
6/27/2022,credito ted pagseguro internet ltda,34.022.980," R$ 631,07 ",," R$ 19.241,86 ",9,Seguros
6/29/2022,credito ted pagseguro internet ltda,33.868.331," R$ 1.151,25 ",," R$ 20.393,11 ",9,Seguros
6/30/2022,pg pinternet fundo de urbanizacao de curiti,10.004.497,,"-R$ 519,63 "," R$ 19.873,48 ",2,Despesas Diversas
7/1/2022,credito ted pagseguro internet ltda,34.153.379," R$ 936,31 ",," R$ 20.809,79 ",9,Seguros
7/5/2022,credito ted pagseguro internet ltda,33.550.405," R$ 963,10 ",," R$ 21.772,89 ",9,Seguros
7/5/2022,pg pinternet conta de agua,10.003.399,,"-R$ 208,42 "," R$ 21.564,47 ",2,Despesas Diversas
7/5/2022,pg pinternet master filme c embalagens ltda,10.003.456,,"-R$ 426,54 "," R$ 21.137,93 ",5,Equipamentos
7/5/2022,pg pinternet white martins,10.003.468,,"-R$ 30,90 "," R$ 21.107,03 ",2,Despesas Diversas
7/8/2022,pg pinternet ciee pr,10.002.638,,"-R$ 712,72 "," R$ 20.394,31 ",3,Educação
7/8/2022,pg pinternet ciee pr,10.002.682,,"-R$ 174,70 "," R$ 20.219,61 ",3,Educação
7/8/2022,pg pinternet pagamento aluguel,10.002.717,,"-R$ 4.058,09 "," R$ 16.161,52 ",0,Aluguel
7/8/2022,credito ted pagseguro internet ltda,33.809.671," R$ 2.444,52 ",," R$ 18.606,04 ",9,Seguros
7/11/2022,prest emprest,6,,"-R$ 1.418,47 "," R$ 17.187,57 ",4,Empréstimos
7/12/2022,credito ted pagseguro internet ltda,33.736.860," R$ 1.716,77 ",," R$ 18.904,34 ",9,Seguros
7/13/2022,credito ted pagseguro internet ltda,33.919.679," R$ 245,52 ",," R$ 19.149,86 ",9,Seguros
7/14/2022,pg pinternet conta de energia lj,10.001.694,,"-R$  143,03 "," R$  19.006,83 ",1,Contas de Consumo
7/14/2022,pg pinternet conta de energia lj,10.001.698,,"-R$  137,56 "," R$  18.869,27 ",1,Contas de Consumo
7/14/2022,pg pinternet conta de energia lj,10.001.714,,"-R$  511,20 "," R$  18.358,07 ",1,Contas de Consumo
7/14/2022,pg pinternet springer carrier,10.001.718,,"-R$  166,73 "," R$  18.191,34 ",5,Equipamentos
7/14/2022,credito ted pagseguro internet ltda,33.768.163," R$ 240,00 ",," R$ 18.431,34 ",9,Seguros
7/15/2022,db cotas,19.911,,"-R$  59,50 "," R$ 18.371,84 ",2,Despesas Diversas
7/15/2022,credito ted pagseguro internet ltda,34.241.470," R$ 481,23 ",," R$ 18.853,07 ",9,Seguros
7/19/2022,credito ted pic pay,33.665.038," R$ 422,44 ",," R$ 19.275,51 ",7,Pagamentos e Créditos
7/20/2022,db allianz seguro moto de,84624000166,,"-R$  157,91 "," R$ 19.117,60 ",9,Seguros
7/20/2022,credito ted pagseguro internet ltda,34.050.849," R$ 2.055,28 ",," R$ 21.172,88 ",9,Seguros
7/21/2022,credito ted pagseguro internet ltda,33.658.392," R$ 343,45 ",," R$ 21.516,33 ",9,Seguros
7/25/2022,credito ted pagseguro internet ltda,34.376.558," R$ 580,68 ",," R$ 22.097,01 ",9,Seguros
7/27/2022,credito ted pagseguro internet ltda,33.533.671," R$ 955,51 ",," R$ 23.052,52 ",9,Seguros
8/3/2022,credito ted pagseguro internet ltda,33.525.740," R$ 2.774,94 ",," R$ 25.827,46 ",9,Seguros
8/8/2022,credito ted pagseguro internet ltda,34.599.314," R$ 2.687,04 ",," R$ 28.514,50 ",9,Seguros
8/9/2022,credito ted pagseguro internet ltda,33.644.989," R$ 1.200,83 ",," R$ 29.715,33 ",9,Seguros
8/10/2022,prest emprest,6,,"-R$ 1.418,47 "," R$ 28.296,86 ",4,Empréstimos
8/12/2022,credito ted pagseguro internet ltda,33.677.214," R$ 1.712,14 ",," R$ 30.009,00 ",9,Seguros
8/12/2022,pg pinternet cartao inter sa,10.004.492,,"-R$ 2.816,85 "," R$ 27.192,15 ",2,Despesas Diversas
8/15/2022,db allianz seguro spin de,84624000166,,"-R$  184,78 "," R$  27.007,37 ",9,Seguros
8/15/2022,db cotas,19.911,,"-R$  66,48 "," R$  26.940,89 ",2,Despesas Diversas
8/17/2022,credito ted pagseguro internet ltda,34.137.851," R$  3.546,39 ",," R$  30.487,28 ",9,Seguros
8/17/2022,db apl rdcpos,84.000.003,,"-R$  20.000,00 "," R$  10.487,28 ",2,Despesas Diversas
8/19/2022,credito ted pic pay,33.622.418," R$  292,83 ",," R$  10.780,11 ",7,Pagamentos e Créditos
8/22/2022,db allianz seguro moto de,84624000166,,"-R$  157,91 "," R$  10.622,20 ",9,Seguros
8/22/2022,credito ted pagseguro internet ltda,34.344.606," R$  2.404,64 ",," R$  13.026,84 ",9,Seguros
8/24/2022,credito ted pagseguro internet ltda,33.966.322," R$  1.895,51 ",," R$  14.922,35 ",9,Seguros
8/25/2022,credito ted pagseguro internet ltda,34.037.177," R$  466,10 ",," R$  15.388,45 ",9,Seguros
8/29/2022,db apl rdcpos,84.000.004,,"-R$  5.000,00 "," R$  10.388,45 ",2,Despesas Diversas
8/30/2022,credito ted pagseguro internet ltda,33.693.478," R$  2.574,57 ",," R$  12.963,02 ",9,Seguros
9/9/2022,credito ted pagseguro internet ltda,33.761.332," R$  2.054,45 ",," R$  15.017,47 ",9,Seguros
9/12/2022,prest emprest,5,,"-R$  1.418,47 "," R$  13.599,00 ",4,Empréstimos
9/12/2022,db allianz seguro spin de,84624000166,,"-R$  184,78 "," R$  13.414,22 ",9,Seguros
9/14/2022,credito ted pagseguro internet ltda,33.644.584," R$  1.212,06 ",," R$  14.626,28 ",9,Seguros
9/14/2022,pg pinternet darf gps,10.002.086,,"-R$  1.572,31 "," R$  13.053,97 ",6,Impostos e Taxas
9/15/2022,db cotas,19.911,,"-R$  66,48 "," R$  12.987,49 ",2,Despesas Diversas
9/16/2022,credito ted pagseguro internet ltda,33.700.185," R$  1.918,04 ",," R$  14.905,53 ",9,Seguros
9/20/2022,db allianz seguro moto de,84624000166,,"-R$  157,91 "," R$  14.747,62 ",9,Seguros
9/22/2022,credito ted pagseguro internet ltda,33.516.597," R$  515,43 ",," R$  15.263,05 ",9,Seguros
9/26/2022,credito ted pagseguro internet ltda,34.063.304," R$  667,30 ",," R$  15.930,35 ",9,Seguros
9/30/2022,credito ted pagseguro internet ltda,34.118.659," R$  693,25 ",," R$  16.623,60 ",9,Seguros
10/6/2022,pg pinternet vale transporte mateus,10.003.619,,"-R$  167,94 "," R$  16.455,66 ",11,Transporte
10/6/2022,pg pinternet fgts,10.003.641,,"-R$  1.330,31 "," R$  15.125,35 ",6,Impostos e Taxas
10/7/2022,credito ted pagseguro internet ltda,34.091.133," R$  1.609,77 ",," R$  16.735,12 ",9,Seguros
10/7/2022,pg pinternet pagamento aluguel,10.005.204,,"-R$  4.058,09 "," R$  12.677,03 ",0,Aluguel
10/7/2022,pg pinternet ciee estagiarios,10.005.244,,"-R$  407,72 "," R$  12.269,31 ",3,Educação
10/10/2022,prest emprest,6,,"-R$  1.418,47 "," R$  10.850,84 ",4,Empréstimos
10/10/2022,db allianz seguro spin de,84624000166,,"-R$  184,78 "," R$  10.666,06 ",9,Seguros
10/11/2022,credito ted pagseguro internet ltda,33.583.072," R$  775,70 ",," R$  11.441,76 ",9,Seguros
10/11/2022,pg pinternet white martins,10.002.363,,"-R$  100,00 "," R$  11.341,76 ",2,Despesas Diversas
10/17/2022,db cotas,19.911,,"-R$  66,48 "," R$  11.275,28 ",2,Despesas Diversas
10/17/2022,credito ted pagseguro internet ltda,34.629.762," R$  1.378,39 ",," R$  12.653,67 ",9,Seguros
10/19/2022,credito ted pagseguro internet ltda,33.991.484," R$  1.902,77 ",," R$  14.556,44 ",9,Seguros
10/19/2022,pg pinternet cartao inter,10.003.978,,"-R$  3.041,50 "," R$  11.514,94 ",2,Despesas Diversas
10/20/2022,db allianz seguro moto de,84624000166,,"-R$  157,91 "," R$  11.357,03 ",9,Seguros
10/20/2022,pg pinternet ligga telecon,10.004.175,,"-R$  149,90 "," R$  11.207,13 ",2,Despesas Diversas
10/20/2022,pg pinternet celular,10.004.324,,"-R$  57,61 "," R$  11.149,52 ",1,Contas de Consumo
10/20/2022,pg pinternet net fone,10.004.258,,"-R$  123,60 "," R$  11.025,92 ",1,Contas de Consumo
10/25/2022,credito ted pagseguro internet ltda,33.496.112," R$  1.301,60 ",," R$  12.327,52 ",9,Seguros
10/25/2022,pg pinternet med curitiba,10.002.492,,"-R$  140,00 "," R$  12.187,52 ",8,Saúde
10/27/2022,credito ted pagseguro internet ltda,33.001.800," R$  1.309,13 ",," R$  13.496,65 ",9,Seguros
10/28/2022,pg pinternet vale transporte estagiarios,10.001.882,,"-R$  882,94 "," R$  12.613,71 ",11,Transporte
10/31/2022,pg pinternet vr beneficios e serv de proc,10.005.941,,"-R$  1.100,00 "," R$  11.513,71 ",2,Despesas Diversas
10/31/2022,credito ted pagseguro internet ltda,34.478.089," R$  1.242,85 ",," R$  12.756,56 ",9,Seguros
11/1/2022,credito ted pic pay,33.711.447," R$  211,22 ",," R$  12.967,78 ",7,Pagamentos e Créditos
11/3/2022,pg pinternet vale transporte marina,10.005.708,,"-R$  211,94 "," R$  12.755,84 ",11,Transporte
11/3/2022,pg pinternet conta de agua,10.005.729,,"-R$  189,21 "," R$  12.566,63 ",2,Despesas Diversas
11/3/2022,pg pinternet guia de recolhimento,10.006.005,,"-R$  327,00 "," R$  12.239,63 ",2,Despesas Diversas
11/4/2022,credito ted pagseguro internet ltda,34.133.154," R$  369,37 ",," R$  12.609,00 ",9,Seguros
11/4/2022,pg pinternet white martins,10.005.495,,"-R$  30,90 "," R$  12.578,10 ",2,Despesas Diversas
11/4/2022,pg pinternet fgts,10.005.520,,"-R$  850,68 "," R$  11.727,42 ",6,Impostos e Taxas
11/7/2022,pg pinternet aluguel,10.012.775,,"-R$  4.458,18 "," R$  7.269,24 ",0,Aluguel
11/8/2022,credito ted pagseguro internet ltda,34.213.495," R$  64,32 ",," R$  7.333,56 ",9,Seguros
11/8/2022,pg pinternet ciee estagiarios,10.004.924,,"-R$  1.115,44 "," R$  6.218,12 ",3,Educação
11/10/2022,prest emprest,5,,"-R$  1.418,47 "," R$  4.799,65 ",4,Empréstimos
11/10/2022,db allianz seguro spin de,84624000166,,"-R$  184,78 "," R$  4.614,87 ",9,Seguros
11/14/2022,credito ted pagseguro internet ltda,34.484.762," R$  631,85 ",," R$  5.246,72 ",9,Seguros
11/14/2022,pg pinternet cartao american,10.006.140,,"-R$  1.679,89 "," R$  3.566,83 ",2,Despesas Diversas
11/14/2022,pg pinternet master filme parcela de,10.006.177,,"-R$  514,50 "," R$  3.052,33 ",4,Empréstimos
11/14/2022,pg pinternet pagto energia lj,10.006.668,,"-R$  124,88 "," R$  2.927,45 ",1,Contas de Consumo
11/14/2022,pg pinternet pagto energia lj,10.006.703,,"-R$  83,23 "," R$  2.844,22 ",1,Contas de Consumo
11/14/2022,pg pinternet pagto energia lj,10.006.714,,"-R$  411,97 "," R$  2.432,25 ",1,Contas de Consumo
11/16/2022,db cotas,19.911,,"-R$  66,48 "," R$  2.365,77 ",2,Despesas Diversas
11/17/2022,credito ted pagseguro internet ltda,34.085.140," R$  996,71 ",," R$  3.362,48 ",9,Seguros
11/18/2022,credito ted pagseguro internet ltda,34.089.656," R$  645,81 ",," R$  4.008,29 ",9,Seguros
11/21/2022,db allianz seguro moto de,84624000166,,"-R$  157,91 "," R$  3.850,38 ",9,Seguros
11/21/2022,pg pinternet springer carrier,10.007.649,,"-R$  41,35 "," R$  3.809,03 ",5,Equipamentos
11/22/2022,credito ted pagseguro internet ltda,33.005.125," R$  710,32 ",," R$  4.519,35 ",9,Seguros
11/22/2022,pg pinternet springer carrier,10.001.634,,"-R$  424,23 "," R$  4.095,12 ",5,Equipamentos
11/22/2022,pg pinternet springer carrier,10.001.656,,"-R$  93,01 "," R$  4.002,11 ",5,Equipamentos
11/23/2022,credito ted pagseguro internet ltda,34.153.165," R$  821,10 ",," R$  4.823,21 ",9,Seguros
12/5/2022,credito ted pagseguro internet ltda,34.472.255," R$  946,92 ",," R$  5.770,13 ",9,Seguros
12/5/2022,pg pinternet conta de agua,10.008.541,,"-R$  189,21 "," R$  5.580,92 ",2,Despesas Diversas
12/8/2022,credito ted pagseguro internet ltda,33.010.172," R$  1.089,98 ",," R$  6.670,90 ",9,Seguros
12/8/2022,pg pinternet aluguel,10.002.118,,"-R$  4.078,93 "," R$  2.591,97 ",0,Aluguel
12/8/2022,pg pinternet springer carrier,10.002.176,,"-R$  280,97 "," R$  2.311,00 ",5,Equipamentos
12/8/2022,pg pinternet master filme c embalagens ltda,10.002.145,,"-R$  514,50 "," R$  1.796,50 ",5,Equipamentos
12/9/2022,credito ted pagseguro internet ltda,33.900.729," R$  1.349,74 ",," R$  3.146,24 ",9,Seguros
12/9/2022,pg pinternet white martins,10.003.799,,"-R$  30,90 "," R$  3.115,34 ",2,Despesas Diversas
12/12/2022,prest emprest,6,,"-R$  1.418,47 "," R$  1.696,87 ",4,Empréstimos
12/12/2022,db allianz seguro spin de,84624000166,,"-R$  184,78 "," R$  1.512,09 ",9,Seguros
12/14/2022,credito ted pagseguro internet ltda,33.694.192," R$  1.269,64 ",," R$  2.781,73 ",9,Seguros
12/14/2022,pg pinternet cartao american,10.005.192,,"-R$  2.555,40 "," R$  226,33 ",2,Despesas Diversas
12/15/2022,db cotas,19.911,,"-R$  66,48 "," R$  159,85 ",2,Despesas Diversas
12/15/2022,credito ted pagseguro internet ltda,34.227.763," R$  164,22 ",," R$  324,07 ",9,Seguros
12/19/2022,credito ted pagseguro internet ltda,34.554.177," R$  383,85 ",," R$  707,92 ",9,Seguros
12/20/2022,db allianz seguro moto de,84624000166,,"-R$  157,91 "," R$  550,01 ",9,Seguros
12/20/2022,pg pinternet springer carrier,10.012.108,,"-R$  424,23 "," R$  125,78 ",5,Equipamentos
12/21/2022,credito ted pagseguro internet ltda,33.019.447," R$  309,91 ",," R$  435,69 ",9,Seguros
12/22/2022,credito ted pic pay,33.695.724," R$  412,84 ",," R$  848,53 ",7,Pagamentos e Créditos
12/22/2022,pg pinternet med curitiba,10.004.271,,"-R$  383,00 "," R$  465,53 ",8,Saúde
4-jan.,credito ted pagseguro internet ltda,33.980.074," R$  569,94 ",," R$  1.035,47 ",9,Seguros
5-jan.,pg pinternet conta de agua,10.003.309,,"-R$  170,01 "," R$  865,46 ",2,Despesas Diversas
6-jan.,credito ted pagseguro internet ltda,34.321.522," R$  194,72 ",," R$  1.060,18 ",9,Seguros
9-jan.,cr apl rdcpos resgate de aplicaes,227," R$  7.000,00 ",," R$  8.060,18 ",2,Despesas Diversas
9-jan.,pg pinternet aluguel,10.006.500,,"-R$  4.078,93 "," R$  3.981,25 ",0,Aluguel
9-jan.,pg pinternet pagto estagiarios,10.006.539,,"-R$  1.820,76 "," R$  2.160,49 ",2,Despesas Diversas
10-jan.,prest emprest,6,,"-R$  1.418,47 "," R$  742,02 ",4,Empréstimos
10-jan.,db allianz seguro spin de,84624000166,,"-R$  184,78 "," R$  557,24 ",9,Seguros
10-jan.,credito ted pagseguro internet ltda,34.031.830," R$  212,52 ",," R$  769,76 ",9,Seguros
12-jan.,credito ted pagseguro internet ltda,33.966.049," R$  671,00 ",," R$  1.440,76 ",9,Seguros
13-jan.,pg pinternet energia lj,10.002.362,,"-R$  350,98 "," R$  1.089,78 ",1,Contas de Consumo
13-jan.,pg pinternet energia lj,10.002.348,,"-R$  119,90 "," R$  969,88 ",1,Contas de Consumo
13-jan.,pg pinternet energia lj,10.002.358,,"-R$  80,19 "," R$  889,69 ",1,Contas de Consumo
13-jan.,credito ted pagseguro internet ltda,34.131.501," R$  235,35 ",," R$  1.125,04 ",9,Seguros
16-jan.,db cotas,19.911,,"-R$  66,48 "," R$  1.058,56 ",2,Despesas Diversas
19-jan.,credito ted pagseguro internet ltda,34.267.160," R$  163,94 ",," R$  1.222,50 ",9,Seguros
20-jan.,db allianz seguro moto de,84624000166,,"-R$  158,03 "," R$  1.064,47 ",9,Seguros
20-jan.,credito ted pagseguro internet ltda,33.861.240," R$  750,84 ",," R$  1.815,31 ",9,Seguros
20-jan.,pg pinternet white martins,10.006.944,,"-R$  39,76 "," R$  1.775,55 ",2,Despesas Diversas
25-jan.,credito ted pagseguro internet ltda,33.675.640," R$  452,50 ",," R$  2.228,05 ",9,Seguros
25-jan.,pg pinternet med curitiba,10.002.272,,"-R$  200,00 "," R$  2.028,05 ",8,Saúde
25-jan.,pg pinternet ligga telecon,10.002.316,,"-R$  149,90 "," R$  1.878,15 ",2,Despesas Diversas
25-jan.,pg pinternet white martins,10.002.293,,"-R$  214,49 "," R$  1.663,66 ",2,Despesas Diversas
25-jan.,pg pinternet net fone,10.002.303,,"-R$  123,60 "," R$  1.540,06 ",1,Contas de Consumo
25-jan.,pg pinternet celular,10.002.325,,"-R$  57,61 "," R$  1.482,45 ",1,Contas de Consumo
31-jan.,pg pinternet vr beneficios e serv de proc,10.002.809,,"-R$  1.050,00 "," R$  432,45 ",2,Despesas Diversas
1-fev.,credito ted pagseguro internet ltda,34.148.926," R$  93,06 ",," R$  525,51 ",9,Seguros
3-fev.,pg pinternet guia de recolhimento,10.003.774,,"-R$  85,37 "," R$  440,14 ",2,Despesas Diversas
3-fev.,pg pinternet guia de recolhimento,10.003.799,,"-R$  32,25 "," R$  407,89 ",2,Despesas Diversas
3-fev.,pg pinternet guia de recolhimento,10.003.902,,"-R$  75,29 "," R$  332,60 ",2,Despesas Diversas
3-fev.,pg pinternet guia de recolhimento,10.003.941,,"-R$  71,89 "," R$  260,71 ",2,Despesas Diversas
3-fev.,credito ted pagseguro internet ltda,34.140.130," R$  197,00 ",," R$  457,71 ",9,Seguros
6-fev.,credito ted pagseguro internet ltda,34.588.410," R$  135,24 ",," R$  592,95 ",9,Seguros
10-fev.,prest emprest,6,,"-R$  592,95 ",,4,Empréstimos
10-fev.,credito ted pagseguro internet ltda,34.047.929," R$  144,90 ",," R$  144,90 ",9,Seguros
10-fev.,prest emprest,11,,"-R$  144,90 ",,4,Empréstimos
10-fev.,credito ted pagseguro internet ltda,34.075.770," R$  1.068,79 ",," R$  1.068,79 ",9,Seguros
10-fev.,prest emprest,13,,"-R$  680,62 "," R$  388,17 ",4,Empréstimos
10-fev.,db allianz seguro spin de,84624000166,,"-R$  184,78 "," R$  203,39 ",9,Seguros
13-fev.,credito ted pagseguro internet ltda,33.037.324," R$  858,36 ",," R$  1.061,75 ",9,Seguros
15-fev.,db cotas,19.911,,"-R$  66,48 "," R$  995,27 ",2,Despesas Diversas
15-fev.,credito ted pagseguro internet ltda,34.385.159," R$  488,58 ",," R$  1.483,85 ",9,Seguros
16-fev.,pg pinternet refrigeracao dufrio comercio e,10.003.116,,"-R$  428,93 "," R$  1.054,92 ",2,Despesas Diversas
16-fev.,pg pinternet energia lj,10.003.130,,"-R$  88,16 "," R$  966,76 ",1,Contas de Consumo
16-fev.,pg pinternet energia lj,10.003.139,,"-R$  278,38 "," R$  688,38 ",1,Contas de Consumo
16-fev.,pg pinternet energia lj,10.003.135,,"-R$  21,85 "," R$  666,53 ",1,Contas de Consumo
17-fev.,pg pinternet darf referente aluguel,10.005.384,,"-R$  84,58 "," R$  581,95 ",0,Aluguel
17-fev.,pg pinternet vr beneficios e serv de proc,10.005.441,,"-R$  300,00 "," R$  281,95 ",2,Despesas Diversas
23-fev.,credito ted pagseguro internet ltda,34.015.265," R$  1.018,13 ",," R$  1.300,08 ",9,Seguros
23-fev.,pg pinternet springer carrier,10.003.155,,"-R$  22,82 "," R$  1.277,26 ",5,Equipamentos
23-fev.,pg pinternet springer carrier,10.003.180,,"-R$  556,85 "," R$  720,41 ",5,Equipamentos
23-fev.,pg pinternet springer carrier,10.003.283,,"-R$  58,66 "," R$  661,75 ",5,Equipamentos
27-fev.,credito ted pagseguro internet ltda,34.259.265," R$  3.940,00 ",," R$  4.601,75 ",9,Seguros
27-fev.,pg pinternet vt estagiario mateus,10.004.798,,"-R$  255,94 "," R$  4.345,81 ",11,Transporte
27-fev.,pg pinternet ligga telecon,10.004.836,,"-R$  149,90 "," R$  4.195,91 ",2,Despesas Diversas
27-fev.,pg pinternet net fone,10.004.852,,"-R$  123,60 "," R$  4.072,31 ",1,Contas de Consumo
27-fev.,pg pinternet celular,10.004.904,,"-R$  57,61 "," R$  4.014,70 ",1,Contas de Consumo
27-fev.,pg pinternet med curitiba,10.004.928,,"-R$  517,00 "," R$  3.497,70 ",8,Saúde
27-fev.,pg pinternet taxa de corpo de bombeiros,10.004.945,,"-R$  113,19 "," R$  3.384,51 ",6,Impostos e Taxas
27-fev.,debito pix vt matheus laurentino da rosa,207.234.063,,"-R$  253,00 "," R$  3.131,51 ",2,Despesas Diversas
27-fev.,pix transf pagador,207.234.063,,"-R$  0,76 "," R$  3.130,75 ",2,Despesas Diversas
28-fev.,pg pinternet vr beneficios e serv de proc,10.002.476,,"-R$  1.410,00 "," R$  1.720,75 ",2,Despesas Diversas
3-mar.,pg pinternet refrigeracao dufrio comercio e,10.002.462,,"-R$  307,72 "," R$  1.413,03 ",2,Despesas Diversas
3-mar.,pg pinternet conta de agua,10.002.572,,"-R$  166,15 "," R$  1.246,88 ",2,Despesas Diversas
3-mar.,pg pinternet guia de recolhimento,10.002.641,,"-R$  215,15 "," R$  1.031,73 ",2,Despesas Diversas
7-mar.,pg pinternet fgts,10.003.451,,"-R$  1.010,28 "," R$  21,45 ",6,Impostos e Taxas
8-mar.,credito ted pagseguro internet ltda,33.894.288," R$  945,92 ",," R$  967,37 ",9,Seguros
8-mar.,cr apl rdcpos resgate de aplicaes,89," R$  6.000,00 ",," R$  6.967,37 ",2,Despesas Diversas
8-mar.,pg pinternet aluguel,10.003.671,,"-R$  4.078,93 "," R$  2.888,44 ",0,Aluguel
8-mar.,pg pinternet pagto estagiarios,10.003.694,,"-R$  1.500,57 "," R$  1.387,87 ",2,Despesas Diversas
9-mar.,credito pix eceeltec eletroeletronica informat,212.280.440," R$  300,00 ",," R$  1.687,87 ",7,Pagamentos e Créditos
10-mar.,prest emprest,7,,"-R$  1.418,47 "," R$  269,40 ",4,Empréstimos
10-mar.,db allianz seguro spin de,84624000166,,"-R$  184,78 "," R$  84,62 ",9,Seguros
14-mar.,credito ted pagseguro internet ltda,34.018.420," R$  177,30 ",," R$  261,92 ",9,Seguros
15-mar.,db cotas,19.911,,"-R$  66,48 "," R$  195,44 ",2,Despesas Diversas
15-mar.,credito ted pagseguro internet ltda,34.158.915," R$  2.427,58 ",," R$  2.623,02 ",9,Seguros
20-mar.,credito ted pagseguro internet ltda,34.062.891," R$  3.135,42 ",," R$  5.758,44 ",9,Seguros
20-mar.,pg pinternet das,10.006.084,,"-R$  2.072,11 "," R$  3.686,33 ",2,Despesas Diversas
20-mar.,pg pinternet darf,10.006.146,,"-R$  1.352,03 "," R$  2.334,30 ",6,Impostos e Taxas
20-mar.,pg pinternet darf ref aluguel,10.006.183,,"-R$  84,58 "," R$  2.249,72 ",0,Aluguel
22-mar.,credito ted pagseguro internet ltda,33.021.544,"1.748,57",,"3.998,29",9,Seguros
27-mar.,pg pinternet net fone,10.002.535,,"-R$  123,60 "," R$  3.874,69 ",1,Contas de Consumo
27-mar.,pg pinternet celular,10.002.566,,"-R$  57,61 "," R$  3.817,08 ",1,Contas de Consumo
27-mar.,pg pinternet ligga telecon,10.002.606,,"-R$  149,90 "," R$  3.667,18 ",2,Despesas Diversas
27-mar.,pg pinternet springer carrier,10.002.623,,"-R$  22,81 "," R$  3.644,37 ",5,Equipamentos
27-mar.,pg pinternet springer carrier,10.002.651,,"-R$  556,85 "," R$  3.087,52 ",5,Equipamentos
27-mar.,pg pinternet med curitiba,10.002.666,,"-R$  205,45 "," R$  2.882,07 ",8,Saúde
27-mar.,pg pinternet embalatec ind embalagens ltda,10.002.701,,"-R$  1.345,97 "," R$  1.536,10 ",5,Equipamentos
27-mar.,pg pinternet master filme c embalagens ltda,10.002.726,,"-R$  850,10 "," R$  686,00 ",5,Equipamentos
29-mar.,credito ted pagseguro internet ltda,33.811.964," R$  88,65 ",," R$  774,65 ",9,Seguros
29-mar.,pg pinternet springer carrier,10.002.221,,"-R$  654,26 "," R$  120,39 ",5,Equipamentos
30-mar.,credito ted pagseguro internet ltda,33.946.036," R$  860,71 ",," R$  981,10 ",9,Seguros
30-mar.,pg pinternet vr beneficios e serv de proc,10.003.534,,"-R$  900,00 "," R$  81,10 ",2,Despesas Diversas
31-mar.,credito ted pagseguro internet ltda,34.129.883," R$  623,65 ",," R$  704,75 ",9,Seguros
31-mar.,pg pinternet springer carrier,10.004.680,,"-R$  452,13 "," R$  252,62 ",5,Equipamentos
4-abr.,credito ted pagseguro internet ltda,33.899.696," R$  1.583,66 ",," R$  1.836,28 ",9,Seguros
5-abr.,credito ted pagseguro internet ltda,34.180.730," R$  115,92 ",," R$  1.952,20 ",9,Seguros
5-abr.,pg pinternet conta de agua,10.005.926,,"-R$  170,01 "," R$  1.782,19 ",2,Despesas Diversas
5-abr.,pg pinternet white martins,10.006.114,,"-R$  39,76 "," R$  1.742,43 ",2,Despesas Diversas
6-abr.,credito ted pagseguro internet ltda,34.144.905," R$  1.254,02 ",," R$  2.996,45 ",9,Seguros
6-abr.,pg pinternet ciee pr,10.006.870,,"-R$  2.380,95 "," R$  615,50 ",3,Educação
10-abr.,db allianz seguro spin de,84624000166,,"-R$  184,78 "," R$  430,72 ",9,Seguros
13-abr.,credito ted pagseguro internet ltda,33.020.007," R$  1.621,16 ",," R$  2.051,88 ",9,Seguros
14-abr.,credito ted pagseguro internet ltda,33.929.539," R$  761,35 ",," R$  2.813,23 ",9,Seguros
17-abr.,db cotas,19.911,,"-R$  66,48 "," R$  2.746,75 ",2,Despesas Diversas
17-abr.,credito ted pagseguro internet ltda,34.345.619," R$  343,65 ",," R$  3.090,40 ",9,Seguros
18-abr.,db allianz seguro moto de,84624000166,,"-R$  146,46 "," R$  2.943,94 ",9,Seguros
20-abr.,credito ted pagseguro internet ltda,34.175.294," R$  1.180,37 ",," R$  4.124,31 ",9,Seguros
25-abr.,credito ted pagseguro internet ltda,33.949.804," R$  2.318,53 ",," R$  6.442,84 ",9,Seguros
4-mai.,credito ted pagseguro internet ltda,33.877.425," R$  108,35 ",," R$  6.551,19 ",9,Seguros
4-mai.,pg pinternet conta de agua,10.003.686,,"-R$  246,82 "," R$  6.304,37 ",2,Despesas Diversas
4-mai.,pg pinternet white martins,10.003.706,,"-R$  150,34 "," R$  6.154,03 ",2,Despesas Diversas
4-mai.,pg pinternet springer carrier,10.003.719,,"-R$  452,12 "," R$  5.701,91 ",5,Equipamentos
4-mai.,pg pinternet springer carrier,10.003.738,,"-R$  673,13 "," R$  5.028,78 ",5,Equipamentos
8-mai.,credito ted pagseguro internet ltda,34.055.858,"1.058,52",," R$  6.087,30 ",9,Seguros
10-mai.,db allianz seguro spin de,84624000166,,"-184,89"," R$  5.902,41 ",9,Seguros
11-mai.,credito ted pagseguro internet ltda,33.876.217," R$  1.727,33 ",," R$  7.629,74 ",9,Seguros
12-mai.,credito ted pagseguro internet ltda,33.830.885," R$  1.376,55 ",," R$  9.006,29 ",9,Seguros
12-mai.,pg pinternet energia lj,10.003.146,,"-R$  159,77 "," R$  8.846,52 ",1,Contas de Consumo
12-mai.,pg pinternet energia lj,10.003.188,,"-R$  389,87 "," R$  8.456,65 ",1,Contas de Consumo
12-mai.,pg pinternet energia lj,10.003.169,,"-R$  48,71 "," R$  8.407,94 ",1,Contas de Consumo
15-mai.,db cotas,19.911,,"-R$  66,48 "," R$  8.341,46 ",2,Despesas Diversas
16-mai.,credito ted pagseguro internet ltda,35.181.214," R$  1.293,24 ",," R$  9.634,70 ",9,Seguros
19-mai.,credito ted pagseguro internet ltda,33.577.502," R$  2.145,57 ",," R$  11.780,27 ",9,Seguros
19-mai.,pg pinternet das,10.003.080,,"-R$  2.569,17 "," R$  9.211,10 ",2,Despesas Diversas
22-mai.,db allianz seguro moto de,84624000166,,"-R$  146,46 "," R$  9.064,64 ",9,Seguros
23-mai.,pg pinternet med curitiba,10.001.808,,"-R$  134,54 "," R$  8.930,10 ",8,Saúde
23-mai.,pg pinternet net fone,10.001.814,,"-R$  123,60 "," R$  8.806,50 ",1,Contas de Consumo
23-mai.,pg pinternet celular,10.001.819,,"-R$  57,61 "," R$  8.748,89 ",1,Contas de Consumo
23-mai.,pg pinternet ligga telecon,10.001.823,,"-R$  149,90 "," R$  8.598,99 ",2,Despesas Diversas
23-mai.,credito ted pagseguro internet ltda,33.862.781," R$  557,73 ",," R$  9.156,72 ",9,Seguros
26-mai.,credito ted pagseguro internet ltda,33.478.362," R$  1.605,87 ",," R$  10.762,59 ",9,Seguros
26-mai.,pg pinternet springer carrier,10.001.448,,"-R$  492,35 "," R$  10.270,24 ",5,Equipamentos
26-mai.,pg pinternet springer carrier,10.001.464,,"-R$  654,26 "," R$  9.615,98 ",5,Equipamentos
26-mai.,pg pinternet master filme c embalagens ltda,10.001.504,,"-R$  850,09 "," R$  8.765,89 ",5,Equipamentos
26-mai.,pg pinternet conselho regional dos tecnicos parc,10.001.526,,"-R$  193,14 "," R$  8.572,75 ",2,Despesas Diversas
2-jun.,credito ted pagseguro internet ltda,34.550.764," R$  3.548,42 ",," R$  12.121,17 ",9,Seguros
5-jun.,credito ted pagseguro internet ltda,34.800.101," R$  615,31 ",," R$  12.736,48 ",9,Seguros
7-jun.,credito ted pagseguro internet ltda,34.406.489," R$  487,83 ",," R$  13.224,31 ",9,Seguros
9-jun.,pg pinternet white martins,10.007.212,,"-R$  39,76 "," R$  13.184,55 ",2,Despesas Diversas
14-jun.,credito ted pagseguro internet ltda,34.209.001," R$  1.020,14 ",," R$  14.204,69 ",9,Seguros
15-jun.,db cotas,19.911,,"-R$  66,48 "," R$  14.138,21 ",2,Despesas Diversas
20-jun.,db allianz seguro moto de,84624000166,,"-R$  146,46 "," R$  13.991,75 ",9,Seguros
21-jun.,credito ted pagseguro internet ltda,34.076.224," R$  991,76 ",," R$  14.983,51 ",9,Seguros
23-jun.,credito ted pagseguro internet ltda,33.864.047," R$  1.239,86 ",," R$  16.223,37 ",9,Seguros
29-jun.,credito ted pagseguro internet ltda,33.556.367," R$  518,99 ",," R$  16.742,36 ",9,Seguros
7-jul.,credito ted pagseguro internet ltda,34.018.653," R$  1.102,12 ",," R$  17.844,48 ",9,Seguros
11-jul.,credito ted pagseguro internet ltda,34.113.765," R$  598,92 ",," R$  18.443,40 ",9,Seguros
14-jul.,credito ted pagseguro internet ltda,33.715.582," R$  2.175,49 ",," R$  20.618,89 ",9,Seguros
17-jul.,db cotas,19.911,,"-R$  66,48 "," R$  20.552,41 ",2,Despesas Diversas
20-jul.,db allianz seguro moto de,84624000166,,"-R$  146,46 "," R$  20.405,95 ",9,Seguros
21-jul.,credito ted pagseguro internet ltda,34.216.176," R$  1.620,67 ",," R$  22.026,62 ",9,Seguros
26-jul.,credito ted pagseguro internet ltda,33.010.389," R$  2.883,52 ",," R$  24.910,14 ",9,Seguros
27-jul.,pg pinternet vale transporte cinthya,10.002.109,,"-R$  278,94 "," R$  24.631,20 ",11,Transporte
27-jul.,pg pinternet conselho regional dos tecnicos parcelas,10.002.163,,"-R$  193,14 "," R$  24.438,06 ",4,Empréstimos
28-jul.,credito ted pagseguro internet ltda,34.327.046," R$  1.178,32 ",," R$  25.616,38 ",9,Seguros
31-jul.,pix transf pagador,273.443.599,,"-R$  4,99 "," R$  25.611,39 ",2,Despesas Diversas
31-jul.,debito pix elisabete seolin galindo diviso de lucro,273.443.599,,"-R$  10.000,00 "," R$  15.611,39 ",2,Despesas Diversas
31-jul.,pix transf pagador,273.621.972,,"-R$  4,99 "," R$  15.606,40 ",2,Despesas Diversas
31-jul.,debito pix claudio vinicius galindo diviso de lucro,273.621.972,,"-R$  10.000,00 "," R$  5.606,40 ",2,Despesas Diversas
4-ago.,credito ted pagseguro internet ltda,33.012.105," R$  3.081,69 ",," R$  8.688,09 ",9,Seguros
7-ago.,credito ted pagseguro internet ltda,34.910.121," R$  1.332,24 ",," R$  10.020,33 ",9,Seguros
7-ago.,pg pinternet springer carrier,10.010.303,,"-R$  284,00 "," R$  9.736,33 ",5,Equipamentos
7-ago.,pg pinternet ciee pr,10.010.353,,"-R$  1.230,69 "," R$  8.505,64 ",3,Educação
7-ago.,pg pinternet vt brenda,10.010.386,,"-R$  231,03 "," R$  8.274,61 ",11,Transporte
7-ago.,pg pinternet white martins,10.010.470,,"-R$  39,76 "," R$  8.234,85 ",2,Despesas Diversas
11-ago.,credito ted pagseguro internet ltda,34.241.320," R$  1.008,85 ",," R$  9.243,70 ",9,Seguros
11-ago.,pg pinternet vr beneficios brenda e luiz,10.003.477,,"-R$  474,00 "," R$  8.769,70 ",2,Despesas Diversas
15-ago.,db cotas,19.911,,"-R$  66,48 "," R$  8.703,22 ",2,Despesas Diversas
15-ago.,db allianz seguro spin de,84624000166,,"-R$  184,61 "," R$  8.518,61 ",9,Seguros
15-ago.,pg pinternet pagto cartao american,10.005.184,,"-R$  2.135,39 "," R$  6.383,22 ",2,Despesas Diversas
15-ago.,pg pinternet pagto energia lj,10.005.232,,"-R$  150,85 "," R$  6.232,37 ",1,Contas de Consumo
15-ago.,pg pinternet pagto energia lj,10.005.259,,"-R$  56,59 "," R$  6.175,78 ",1,Contas de Consumo
15-ago.,pg pinternet pagto energia lj,10.005.275,,"-R$  453,45 "," R$  5.722,33 ",1,Contas de Consumo
15-ago.,pg pinternet springer carrier,10.005.329,,"-R$  712,29 "," R$  5.010,04 ",5,Equipamentos
15-ago.,pg pinternet darf gps,10.005.418,,"-R$  1.170,72 "," R$  3.839,32 ",6,Impostos e Taxas
15-ago.,credito ted pagseguro internet ltda,34.818.418," R$  3.244,30 ",," R$  7.083,62 ",9,Seguros
18-ago.,credito ted pagseguro internet ltda,33.978.541," R$  1.206,62 ",," R$  8.290,24 ",9,Seguros
18-ago.,pg pinternet springer carrier,10.004.043,,"-R$  306,28 "," R$  7.983,96 ",5,Equipamentos
18-ago.,pg pinternet wap fresnomaq ind de maq sa,10.004.075,,"-R$  173,18 "," R$  7.810,78 ",2,Despesas Diversas
18-ago.,pg pinternet refrigeracao dufrio comercio e,10.004.101,,"-R$  364,16 "," R$  7.446,62 ",2,Despesas Diversas
21-ago.,db allianz seguro moto de,84624000166,,"-R$  146,46 "," R$  7.300,16 ",9,Seguros
22-ago.,pg pinternet springer carrier,10.001.382,,"-R$  395,11 "," R$  6.905,05 ",5,Equipamentos
22-ago.,pg pinternet celular,10.001.404,,"-R$  64,54 "," R$  6.840,51 ",1,Contas de Consumo
22-ago.,pg pinternet ligga telecom,10.001.414,,"-R$  149,90 "," R$  6.690,61 ",2,Despesas Diversas
22-ago.,pg pinternet net fone,10.001.432,,"-R$  136,00 "," R$  6.554,61 ",1,Contas de Consumo
23-ago.,credito ted pagseguro internet ltda,34.099.600," R$  2.795,62 ",," R$  9.350,23 ",9,Seguros
25-ago.,pg pinternet med curitiba,10.003.559,,"-R$  411,24 "," R$  8.938,99 ",8,Saúde
29-ago.,credito ted pagseguro internet ltda,34.075.376," R$  1.633,88 ",," R$  10.572,87 ",9,Seguros
29-ago.,pg pinternet vt brenda e cinthya,10.002.367,,"-R$  459,03 "," R$  10.113,84 ",11,Transporte
31-ago.,pg pinternet conselho regional dos tecnicos parcelas,10.003.805,,"-R$  193,14 "," R$  9.920,70 ",4,Empréstimos
31-ago.,pg pinternet vr beneficios e serv de proc,10.003.821,,"-R$  1.400,00 "," R$  8.520,70 ",2,Despesas Diversas
4-set.,credito ted pagseguro internet ltda,33.860.586," R$  1.162,67 ",," R$  9.683,37 ",9,Seguros
4-set.,pg pinternet conta de agua,10.003.986,,"-R$  204,88 "," R$  9.478,49 ",2,Despesas Diversas
4-set.,pg pinternet packpar embalagens eireli,10.004.000,,"-R$  395,28 "," R$  9.083,21 ",5,Equipamentos
6-set.,credito ted pagseguro internet ltda,33.894.772," R$  1.492,96 ",," R$  10.576,17 ",9,Seguros
6-set.,pg pinternet aluguel,10.006.897,,"-R$  4.707,97 "," R$  5.868,20 ",0,Aluguel
6-set.,pg pinternet white martins,10.007.053,,"-R$  39,76 "," R$  5.828,44 ",2,Despesas Diversas
11-set.,db allianz seguro spin de,84624000166,,"-R$  184,61 "," R$  5.643,83 ",9,Seguros
14-set.,credito ted pagseguro internet ltda,34.121.209," R$  827,77 ",," R$  6.471,60 ",9,Seguros
14-set.,pg pinternet cartao american,10.003.235,,"-R$  1.901,57 "," R$  4.570,03 ",2,Despesas Diversas
14-set.,pg pinternet energia lj,10.003.261,,"-R$  145,04 "," R$  4.424,99 ",1,Contas de Consumo
14-set.,pg pinternet energia lj,10.003.277,,"-R$  57,88 "," R$  4.367,11 ",1,Contas de Consumo
14-set.,pg pinternet energia lj,10.003.299,,"-R$  384,16 "," R$  3.982,95 ",1,Contas de Consumo
14-set.,pg pinternet springer carrier,10.003.319,,"-R$  712,27 "," R$  3.270,68 ",5,Equipamentos
15-set.,db cotas,19.911,,"-R$  69,50 "," R$  3.201,18 ",2,Despesas Diversas
15-set.,credito ted pagseguro internet ltda,34.336.356," R$  1.215,37 ",," R$  4.416,55 ",9,Seguros
20-set.,credito ted pagseguro internet ltda,33.777.096," R$  860,84 ",," R$  5.277,39 ",9,Seguros
20-set.,pg pinternet springer carrier,10.004.018,,"-R$  306,28 "," R$  4.971,11 ",5,Equipamentos
22-set.,credito ted pagseguro internet ltda,34.230.246," R$  3.464,48 ",," R$  8.435,59 ",9,Seguros
25-set.,pg pinternet net fone,10.003.734,,"-R$  136,00 "," R$  8.299,59 ",1,Contas de Consumo
25-set.,pg pinternet celular,10.003.747,,"-R$  64,54 "," R$  8.235,05 ",1,Contas de Consumo
25-set.,pg pinternet ligga telecom,10.003.751,,"-R$  149,90 "," R$  8.085,15 ",2,Despesas Diversas
25-set.,pg pinternet springer carrier,10.003.795,,"-R$  395,10 "," R$  7.690,05 ",5,Equipamentos
26-set.,credito ted pagseguro internet ltda,34.040.819," R$  593,45 ",," R$  8.283,50 ",9,Seguros
27-set.,credito ted pagseguro internet ltda,33.984.873," R$  260,82 ",," R$  8.544,32 ",9,Seguros
28-set.,credito ted pagseguro internet ltda,34.239.646," R$  1.000,28 ",," R$  9.544,60 ",9,Seguros
2-out.,credito ted pagseguro internet ltda,34.830.699," R$  883,81 ",," R$  10.428,41 ",9,Seguros
4-out.,pg pinternet conta de agua,10.004.811,,"-R$  225,65 "," R$  10.202,76 ",2,Despesas Diversas
4-out.,pg pinternet springer carrier,10.004.824,,"-R$  98,35 "," R$  10.104,41 ",5,Equipamentos
4-out.,pg pinternet fgts,10.004.833,,"-R$  974,51 "," R$  9.129,90 ",6,Impostos e Taxas
5-out.,cr emprestimo,1," R$  80.000,00 ",," R$  89.129,90 ",2,Despesas Diversas
5-out.,cr apl rdcpos resgate de aplicaes,78," R$  2.166,11 ",," R$  91.296,01 ",2,Despesas Diversas
5-out.,cr apl rdcpos resgate de aplicaes,79," R$  3.833,88 ",," R$  95.129,89 ",2,Despesas Diversas
5-out.,pix transf pagador,304.872.748,,"-R$  4,99 "," R$  95.124,90 ",2,Despesas Diversas
5-out.,debito pix antonio odenir ferraz pagto parte ranger,304.872.748,,"-R$  95.000,00 "," R$  124,90 ",2,Despesas Diversas
6-out.,credito ted pagseguro internet ltda,33.002.158," R$  1.272,31 ",," R$  1.397,21 ",9,Seguros
9-out.,credito ted pagseguro internet ltda,34.290.591," R$  685,59 ",," R$  2.082,80 ",9,Seguros
10-out.,db allianz seguro spin de,84624000166,,"-R$  184,61 "," R$  1.898,19 ",9,Seguros
11-out.,credito ted pagseguro internet ltda,34.379.462," R$  1.342,52 ",," R$  3.240,71 ",9,Seguros
16-out.,db cotas,19.911,,"-R$  69,50 "," R$  3.171,21 ",2,Despesas Diversas
16-out.,db allianz seguro ranger de e de,84624000166,,"-R$  219,08 "," R$  2.952,13 ",9,Seguros
19-out.,credito ted pagseguro internet ltda,34.209.432," R$  841,65 ",," R$  3.793,78 ",9,Seguros
20-out.,credito ted pagseguro internet ltda,34.458.461," R$  987,75 ",," R$  4.781,53 ",9,Seguros
24-out.,credito ted pagseguro internet ltda,33.830.056," R$  431,29 ",," R$  5.212,82 ",9,Seguros
24-out.,pg pinternet ligga telecom,10.002.417,,"-R$  149,90 "," R$  5.062,92 ",2,Despesas Diversas
24-out.,pg pinternet net fone,10.002.429,,"-R$  136,00 "," R$  4.926,92 ",1,Contas de Consumo
24-out.,pg pinternet celular,10.002.549,,"-R$  64,54 "," R$  4.862,38 ",1,Contas de Consumo
24-out.,pg pinternet med curitiba,10.002.558,,"-R$  111,45 "," R$  4.750,93 ",8,Saúde
31-out.,credito ted pagseguro internet ltda,34.169.369," R$  392,65 ",," R$  5.143,58 ",9,Seguros
31-out.,pg pinternet vr beneficios e serv de proc,10.003.446,,"-R$  1.600,00 "," R$  3.543,58 ",2,Despesas Diversas
3-nov.,credito ted pagseguro internet ltda,34.538.423," R$  1.173,36 ",," R$  4.716,94 ",9,Seguros
3-nov.,pg pinternet conta de agua,10.004.966,,"-R$  204,88 "," R$  4.512,06 ",2,Despesas Diversas
7-nov.,credito ted pagseguro internet ltda,33.011.666," R$  1.617,22 ",," R$  6.129,28 ",9,Seguros
8-nov.,credito ted pagseguro internet ltda,34.143.501," R$  1.255,30 ",," R$  7.384,58 ",9,Seguros
8-nov.,pg pinternet aluguel,10.003.285,,"-R$  4.707,97 "," R$  2.676,61 ",0,Aluguel
9-nov.,credito ted pagseguro internet ltda,33.944.258," R$  2.178,74 ",," R$  4.855,35 ",9,Seguros
10-nov.,prest emprest,5,,"-R$  2.460,29 "," R$  2.395,06 ",4,Empréstimos
10-nov.,db allianz seguro ranger de de,84624000166,,"-R$  184,61 "," R$  2.210,45 ",9,Seguros
10-nov.,db allianz seguro ranger de de,46240001660,,"-R$  219,08 "," R$  1.991,37 ",9,Seguros
10-nov.,credito ted pagseguro internet ltda,34.501.625," R$  592,31 ",," R$  2.583,68 ",9,Seguros
14-nov.,pg pinternet parana clinicas planos de saude,10.005.086,,"-R$  895,72 "," R$  1.687,96 ",2,Despesas Diversas
16-nov.,db cotas,19.911,,"-R$  69,50 "," R$  1.618,46 ",2,Despesas Diversas
16-nov.,credito ted pagseguro internet ltda,34.731.352," R$  720,88 ",," R$  2.339,34 ",9,Seguros
16-nov.,pg pinternet energia lj,10.007.338,,"-R$  137,33 "," R$  2.202,01 ",1,Contas de Consumo
16-nov.,pg pinternet energia lj,10.007.416,,"-R$  56,38 "," R$  2.145,63 ",1,Contas de Consumo
16-nov.,pg pinternet energia lj,10.007.435,,"-R$  395,83 "," R$  1.749,80 ",1,Contas de Consumo
17-nov.,credito ted pagseguro internet ltda,34.622.115," R$  878,77 ",," R$  2.628,57 ",9,Seguros
21-nov.,credito ted pagseguro internet ltda,34.258.693," R$  785,67 ",," R$  3.414,24 ",9,Seguros
22-nov.,credito ted pagseguro internet ltda,34.060.178," R$  2.069,36 ",," R$  5.483,60 ",9,Seguros
24-nov.,pg pinternet ligga telecom,10.002.456,,"-R$  149,90 "," R$  5.333,70 ",2,Despesas Diversas
24-nov.,pg pinternet net fone,10.002.468,,"-R$  136,85 "," R$  5.196,85 ",1,Contas de Consumo
24-nov.,pg pinternet celular,10.002.488,,"-R$  64,54 "," R$  5.132,31 ",1,Contas de Consumo
24-nov.,pg pinternet med curitiba,10.002.517,,"-R$  105,45 "," R$  5.026,86 ",8,Saúde
24-nov.,credito ted pagseguro internet ltda,34.003.122," R$  1.081,92 ",," R$  6.108,78 ",9,Seguros
28-nov.,credito ted pagseguro internet ltda,33.986.810," R$  1.562,47 ",," R$  7.671,25 ",9,Seguros
29-nov.,pg pinternet vt cinthya e brenda,10.001.013,,"-R$  483,03 "," R$  7.188,22 ",11,Transporte
30-nov.,pg pinternet vr beneficios e serv de proc,10.002.775,,"-R$  1.700,00 "," R$  5.488,22 ",2,Despesas Diversas
1-dez.,pg pinternet springer carrier,10.005.252,,"-R$  198,60 "," R$  5.289,62 ",5,Equipamentos
1-dez.,pg pinternet seletroar parcela de,10.005.266,,"-R$  92,79 "," R$  5.196,83 ",4,Empréstimos
4-dez.,credito ted pagseguro internet ltda,34.491.933,"431,29",,"5.628,12",9,Seguros
4-dez.,pg pinternet grpr gnre guia estadual,10.006.164,,"-R$  285,13 "," R$  5.342,99 ",2,Despesas Diversas
4-dez.,pg pinternet conta de agua,10.006.201,,"-R$  267,20 "," R$  5.075,79 ",2,Despesas Diversas
4-dez.,pg pinternet white martins,10.006.232,,"-R$  150,34 "," R$  4.925,45 ",2,Despesas Diversas
6-dez.,pix transf pagador,335.786.268,,"-R$  2,80 "," R$  4.922,65 ",2,Despesas Diversas
6-dez.,debito pix nicolas falavinha christino,335.786.268,,"-R$  932,65 "," R$  3.990,00 ",2,Despesas Diversas
7-dez.,pg pinternet fgts,10.005.613,,"-R$  1.359,02 "," R$  2.630,98 ",6,Impostos e Taxas
8-dez.,cr apl rdcpos resgate de aplicaes,99," R$  10.000,00 ",," R$  12.630,98 ",2,Despesas Diversas
8-dez.,credito ted pagseguro internet ltda,34.215.373," R$  855,23 ",," R$  13.486,21 ",9,Seguros
8-dez.,pg pinternet aluguel,10.004.915,,"-R$  4.707,97 "," R$  8.778,24 ",0,Aluguel
8-dez.,debito pix elisabete seolin galindo pagto pro labore,337.846.340,,"-R$  1.335,00 "," R$  7.443,24 ",2,Despesas Diversas
8-dez.,pix transf pagador,337.846.340,,"-R$  4,00 "," R$  7.439,24 ",2,Despesas Diversas
8-dez.,pix transf pagador,337.848.723,,"-R$  4,00 "," R$  7.435,24 ",2,Despesas Diversas
8-dez.,debito pix claudio vinicius galindo pagto pro labore,337.848.723,,"-R$  1.335,00 "," R$  6.100,24 ",2,Despesas Diversas
8-dez.,pg pinternet pagto estagiarios,10.005.271,,"-R$  925,38 "," R$  5.174,86 ",2,Despesas Diversas
11-dez.,prest emprest,3,,"-R$  2.460,29 "," R$  2.714,57 ",4,Empréstimos
11-dez.,db allianz seguro ranger de de,84624000166,,"-R$  184,61 "," R$  2.529,96 ",9,Seguros
11-dez.,db allianz seguro ranger de de,46240001660,,"-R$  219,08 "," R$  2.310,88 ",9,Seguros
11-dez.,credito ted pagseguro internet ltda,34.384.375," R$  423,55 ",," R$  2.734,43 ",9,Seguros
11-dez.,pg pinternet springer carrier,10.009.882,,"-R$  371,29 "," R$  2.363,14 ",5,Equipamentos
11-dez.,pg pinternet white martins,10.009.953,,"-R$  39,76 "," R$  2.323,38 ",2,Despesas Diversas
12-dez.,pg pinternet fresnomaq industria de maquina wap,10.001.689,,"-R$  153,98 "," R$  2.169,40 ",2,Despesas Diversas
13-dez.,credito ted pagseguro internet ltda,34.187.505," R$  4.580,06 ",," R$  6.749,46 ",9,Seguros
14-dez.,pg pinternet cartao american,10.002.823,,"-R$  2.910,74 "," R$  3.838,72 ",2,Despesas Diversas
14-dez.,pg pinternet energia lj,10.002.838,,"-R$  176,16 "," R$  3.662,56 ",1,Contas de Consumo
14-dez.,pg pinternet energia lj,10.002.853,,"-R$  62,70 "," R$  3.599,86 ",1,Contas de Consumo
14-dez.,pg pinternet energia lj,10.002.862,,"-R$  423,90 "," R$  3.175,96 ",1,Contas de Consumo
14-dez.,pg pinternet springer carrier,10.002.878,,"-R$  11,46 "," R$  3.164,50 ",5,Equipamentos
14-dez.,pg pinternet parana clinicas planos de sa,10.002.894,,"-R$  895,72 "," R$  2.268,78 ",2,Despesas Diversas
14-dez.,pg pinternet parana clinicas planos de sa,10.002.910,,"-R$  148,52 "," R$  2.120,26 ",2,Despesas Diversas
15-dez.,db cotas,19.911,,"-R$  69,50 "," R$  2.050,76 ",2,Despesas Diversas
15-dez.,credito ted pagseguro internet ltda,34.340.855," R$  474,92 ",," R$  2.525,68 ",9,Seguros
18-dez.,credito ted pagseguro internet ltda,34.550.609," R$  624,51 ",," R$  3.150,19 ",9,Seguros
19-dez.,cr apl rdcpos,130," R$  12.839,93 ",," R$  15.990,12 ",2,Despesas Diversas
19-dez.,cr apl rdcpos,131," R$  1.791,32 ",," R$  17.781,44 ",2,Despesas Diversas
19-dez.,pix transf pagador,344.226.945,,"-R$  4,99 "," R$  17.776,45 ",2,Despesas Diversas
19-dez.,debito pix tatyana tamyres da silva chavier resciso,344.226.945,,"-R$  6.296,71 "," R$  11.479,74 ",2,Despesas Diversas
20-dez.,pg pinternet fgts rescisao tatyana,10.002.768,,"-R$  2.543,57 "," R$  8.936,17 ",2,Despesas Diversas
20-dez.,pg pinternet darf inss,10.002.901,,"-R$  1.294,66 "," R$  7.641,51 ",6,Impostos e Taxas
20-dez.,pg pinternet darf decimo terceiro salario,10.002.965,,"-R$  568,76 "," R$  7.072,75 ",6,Impostos e Taxas
20-dez.,pg pinternet darf ref aluguel,10.002.997,,"-R$  84,58 "," R$  6.988,17 ",0,Aluguel
20-dez.,pg pinternet das simples nacional,10.003.044,,"-R$  2.409,25 "," R$  4.578,92 ",2,Despesas Diversas
21-dez.,credito ted pagseguro internet ltda,34.231.336," R$  469,68 ",," R$  5.048,60 ",9,Seguros
22-dez.,credito ted pagseguro internet ltda,34.282.466," R$  573,42 ",," R$  5.622,02 ",9,Seguros
22-dez.,pg pinternet med curitiba,10.004.951,,"-R$  115,99 "," R$  5.506,03 ",8,Saúde
22-dez.,pg pinternet packpar embalagens eireli,10.004.956,,"-R$  377,00 "," R$  5.129,03 ",5,Equipamentos
26-dez.,pg pinternet celular,10.002.740,,"-R$  64,54 "," R$  5.064,49 ",1,Contas de Consumo
26-dez.,pg pinternet ligga telecom,10.002.741,,"-R$  149,90 "," R$  4.914,59 ",2,Despesas Diversas
26-dez.,pg pinternet net fone,,,"-R$  136,00 "," R$  4.778,59 ",1,Contas de Consumo
27-dez.,credito ted pagseguro internet ltda,," R$  736,47 ",," R$  5.515,06 ",9,Seguros
28-dez.,credito ted pagseguro internet ltda,," R$  1.374,44 ",," R$  6.889,50 ",9,Seguros
28-dez.,pg pinternet vale transporte benda e ronaldo,,,"-R$  381,03 "," R$  6.508,47 ",11,Transporte
28-dez.,pg pinternet vr beneficios e serv de proc,,,"-R$  1.850,00 "," R$  4.658,47 ",2,Despesas Diversas
5-jan.,credito ted pagseguro internet ltda,34.055.650," R$  639,50 ",," R$  5.297,97 ",9,Seguros
5-jan.,pg pinternet conta de agua,10.004.106,,"-R$  267,20 "," R$  5.030,77 ",2,Despesas Diversas
5-jan.,pg pinternet pagamento fgts,10.004.200,,"-R$  1.337,71 "," R$  3.693,06 ",6,Impostos e Taxas
5-jan.,pg pinternet springer carrier,10.006.454,,"-R$  454,33 "," R$  3.238,73 ",5,Equipamentos
8-jan.,credito ted pagseguro internet ltda,34.511.583," R$  410,38 ",," R$  3.649,11 ",9,Seguros
10-jan.,prest emprest,2,,"-R$  2.460,29 "," R$  1.188,82 ",4,Empréstimos
10-jan.,db allianz seguro ranger de de,84624000166,,"-R$  184,61 "," R$  1.004,21 ",9,Seguros
10-jan.,db allianz seguro ranger de de,46240001660,,"-R$  219,08 "," R$  785,13 ",9,Seguros
10-jan.,credito ted pagseguro internet ltda,34.393.369," R$  1.095,98 ",," R$  1.881,11 ",9,Seguros
11-jan.,credito ted pagseguro internet ltda,33.994.334," R$  693,66 ",," R$  2.574,77 ",9,Seguros
11-jan.,pg pinternet embalatec ind embalagens ltda,10.003.339,,"-R$  824,60 "," R$  1.750,17 ",5,Equipamentos
15-jan.,db cotas,19.911,,"-R$  69,50 "," R$  1.680,67 ",2,Despesas Diversas
15-jan.,credito ted pagseguro internet ltda,34.220.028," R$  1.052,57 ",," R$  2.733,24 ",9,Seguros
15-jan.,pg pinternet springer carrier,10.006.159,,"-R$  1.684,84 "," R$  1.048,40 ",5,Equipamentos
15-jan.,pg pinternet parana clinicas planos de sa,10.006.128,,"-R$  895,72 "," R$  152,68 ",2,Despesas Diversas
16-jan.,credito ted pagseguro internet ltda,33.958.870," R$  374,30 ",," R$  526,98 ",9,Seguros
19-jan.,credito ted pagseguro internet ltda,34.113.353," R$  3.261,02 ",," R$  3.788,00 ",9,Seguros
24-jan.,pg pinternet packpar embalagens eireli,10.001.312,,"-R$  377,00 "," R$  3.411,00 ",5,Equipamentos
24-jan.,pg pinternet celular,10.001.321,,"-R$  64,54 "," R$  3.346,46 ",1,Contas de Consumo
24-jan.,pg pinternet net fone,10.001.327,,"-R$  136,00 "," R$  3.210,46 ",1,Contas de Consumo
24-jan.,pg pinternet ligga telecom,10.001.341,,"-R$  149,90 "," R$  3.060,56 ",2,Despesas Diversas
24-jan.,credito ted pagseguro internet ltda,34.100.141," R$  1.720,24 ",," R$  4.780,80 ",9,Seguros
26-jan.,credito ted pagseguro internet ltda,34.086.042," R$  1.085,47 ",," R$  5.866,27 ",9,Seguros
29-jan.,credito ted pagseguro internet ltda,34.203.691," R$  216,70 ",," R$  6.082,97 ",9,Seguros
29-jan.,pg pinternet packpar embalagens eireli,10.003.388,,"-R$  196,56 "," R$  5.886,41 ",5,Equipamentos
29-jan.,pg pinternet vale transporte,10.003.456,,"-R$  573,03 "," R$  5.313,38 ",11,Transporte
29-jan.,pg pinternet med curitiba,10.003.472,,"-R$  137,07 "," R$  5.176,31 ",8,Saúde
31-jan.,pg pinternet vr beneficios e serv de proc,10.003.899,,"-R$  1.700,00 "," R$  3.476,31 ",2,Despesas Diversas
5-fev.,credito ted pagseguro internet ltda,34.750.103," R$  1.857,11 ",," R$  5.333,42 ",9,Seguros
5-fev.,pg pinternet conta de agua,10.007.042,,"-R$  204,88 "," R$  5.128,54 ",2,Despesas Diversas
8-fev.,credito ted pagseguro internet ltda,34.018.611," R$  1.557,23 ",," R$  6.685,77 ",9,Seguros
14-fev.,pg pinternet refrigeracao dufrio comercio e,10.005.460,,"-R$  720,44 "," R$  5.965,33 ",2,Despesas Diversas
14-fev.,pg pinternet springer carrier,10.005.474,,"-R$  1.684,79 "," R$  4.280,54 ",5,Equipamentos
14-fev.,prest emprest,2,,"-R$  2.460,29 "," R$  1.820,25 ",4,Empréstimos
14-fev.,db allianz seguro ranger de de,84624000166,,"-R$  184,61 "," R$  1.635,64 ",9,Seguros
14-fev.,db allianz seguro ranger de de,46240001660,,"-R$  219,08 "," R$  1.416,56 ",9,Seguros
14-fev.,credito ted pagseguro internet ltda,34.736.976," R$  638,71 ",," R$  2.055,27 ",9,Seguros
15-fev.,db cotas,19.911,,"-R$  69,50 "," R$  1.985,77 ",2,Despesas Diversas
15-fev.,pg pinternet parana clinicas consulta,10.005.979,,"-R$  59,66 "," R$  1.926,11 ",2,Despesas Diversas
15-fev.,pg pinternet parana clinicas planos de sa,10.006.008,,"-R$  895,72 "," R$  1.030,39 ",2,Despesas Diversas
16-fev.,pg pinternet energia lj,10.004.766,,"-R$  180,74 "," R$  849,65 ",1,Contas de Consumo
16-fev.,pg pinternet energia lj,10.004.769,,"-R$  61,34 "," R$  788,31 ",1,Contas de Consumo
16-fev.,pg pinternet energia lj,10.004.783,,"-R$  642,90 "," R$  145,41 ",1,Contas de Consumo
19-fev.,credito ted pagseguro internet ltda,34.370.474," R$  1.052,94 ",," R$  1.198,35 ",9,Seguros
19-fev.,pg pinternet daikin ar cond brasil ltda,10.003.338,,"-R$  880,18 "," R$  318,17 ",1,Contas de Consumo
21-fev.,credito ted pagseguro internet ltda,33.991.190," R$  1.199,98 ",," R$  1.518,15 ",9,Seguros
23-fev.,pg pinternet net fone,10.003.548,,"-R$  136,00 "," R$  1.382,15 ",1,Contas de Consumo
23-fev.,pg pinternet ligga telecom,10.003.596,,"-R$  149,90 "," R$  1.232,25 ",2,Despesas Diversas
23-fev.,pg pinternet celular,10.003.606,,"-R$  64,54 "," R$  1.167,71 ",1,Contas de Consumo
23-fev.,pg pinternet med curitiba,10.003.612,,"-R$  113,45 "," R$  1.054,26 ",8,Saúde
26-fev.,credito ted pagseguro internet ltda,34.256.958," R$  872,44 ",," R$  1.926,70 ",9,Seguros
26-fev.,credito ted pagseguro internet ltda,33.034.351," R$  990,15 ",," R$  2.916,85 ",9,Seguros
27-fev.,pg pinternet vale transporte,10.003.497,,"-R$  603,03 "," R$  2.313,82 ",11,Transporte
29-fev.,credito ted pagseguro internet ltda,34.614.378," R$  224,12 ",," R$  2.537,94 ",9,Seguros
29-fev.,pg pinternet vr beneficios e serv de proc,10.004.670,,"-R$  1.550,00 "," R$  987,94 ",2,Despesas Diversas
1-mar.,credito ted pagseguro internet ltda,34.647.989," R$  979,36 ",," R$  1.967,30 ",9,Seguros
4-mar.,pg pinternet conta de agua,10.003.958,,"-R$  175,70 "," R$  1.791,60 ",2,Despesas Diversas
11-mar.,prest emprest,2,,"-R$  2.460,29 ","-R$  668,69 ",4,Empréstimos
11-mar.,db allianz seguro ranger de de,84624000166,,"-R$  184,61 ","-R$  853,30 ",9,Seguros
11-mar.,db allianz seguro ranger de de,46240001660,,"-R$  219,08 ","-R$  1.072,38 ",9,Seguros
11-mar.,credito ted pagseguro internet ltda,33.012.039," R$  662,01 ",,"-R$  410,37 ",9,Seguros
11-mar.,credito pix eceeltec eletroelet recebido do banco inter,385.954.507," R$  420,00 ",," R$  9,63 ",7,Pagamentos e Créditos
13-mar.,credito ted pagseguro internet ltda,34.141.047," R$  826,43 ",," R$  836,06 ",9,Seguros
5-mar.,db cotas,19.911,,"-R$  69,50 "," R$  766,56 ",2,Despesas Diversas
15-mar.,credito ted pagseguro internet ltda,34.751.657," R$  2.889,25 ",," R$  3.655,81 ",9,Seguros
15-mar.,pg pinternet cartao american,10.006.916,,"-R$  2.745,61 "," R$  910,20 ",2,Despesas Diversas
15-mar.,pg pinternet white martins,10.006.989,,"-R$  48,42 "," R$  861,78 ",2,Despesas Diversas
15-mar.,pg pinternet energia lj,10.007.005,,"-R$  172,97 "," R$  688,81 ",1,Contas de Consumo
15-mar.,pg pinternet energia lj,10.007.017,,"-R$  55,27 "," R$  633,54 ",1,Contas de Consumo
15-mar.,pg pinternet energia lj,10.007.059,,"-R$  493,10 "," R$  140,44 ",1,Contas de Consumo
18-mar.,credito ted pagseguro internet ltda,34.457.213," R$  1.014,13 ",," R$  1.154,57 ",9,Seguros
18-mar.,pg pinternet fresnomaq industria de maquina,10.005.587,,"-R$  213,37 "," R$  941,20 ",2,Despesas Diversas
19-mar.,credito ted pagseguro internet ltda,33.935.131," R$  1.187,31 ",," R$  2.128,51 ",9,Seguros
20-mar.,credito ted pagseguro internet ltda,34.487.257," R$  625,08 ",," R$  2.753,59 ",9,Seguros
21-mar.,credito ted pagseguro internet ltda,34.091.135," R$  117,25 ",," R$  2.870,84 ",9,Seguros
22-mar.,credito ted pagseguro internet ltda,34.028.776," R$  250,51 ",," R$  3.121,35 ",9,Seguros
25-mar.,credito ted pagseguro internet ltda,34.456.285," R$  233,76 ",," R$  3.355,11 ",9,Seguros
25-mar.,pg pinternet net fone,10.006.069,,"-R$  154,53 "," R$  3.200,58 ",1,Contas de Consumo
25-mar.,pg pinternet ligga telecom,10.006.089,,"-R$  149,90 "," R$  3.050,68 ",2,Despesas Diversas
25-mar.,pg pinternet celular,10.006.108,,"-R$  69,18 "," R$  2.981,50 ",1,Contas de Consumo
25-mar.,pg pinternet med curitiba,10.006.123,,"-R$  126,53 "," R$  2.854,97 ",8,Saúde
25-mar.,pg pinternet fresnomaq industria de maquina,10.006.178,,"-R$  155,56 "," R$  2.699,41 ",2,Despesas Diversas
28-mar.,pg pinternet vr beneficios e serv de proc,10.003.844,,"-R$  1.950,00 "," R$  749,41 ",2,Despesas Diversas
28-mar.,pg pinternet conselho regional dos tecnicos eceel tec,10.003.938,,"-R$  337,40 "," R$  412,01 ",2,Despesas Diversas
28-mar.,pg pinternet conselho regional dos tecnicos claudio,10.003.967,,"-R$  337,40 "," R$  74,61 ",2,Despesas Diversas
28-mar.,credito ted pagseguro internet ltda,34.724.271," R$  1.357,23 ",," R$  1.431,84 ",9,Seguros
3-abr.,pg pinternet conta de agua,10.002.681,,"-R$  287,98 "," R$  1.143,86 ",2,Despesas Diversas
9-abr.,credito ted pagseguro internet ltda,34.059.864," R$  558,78 ",," R$  1.702,64 ",9,Seguros
10-abr.,prest emprest,2,,"-R$  2.460,29 ","-R$  757,65 ",4,Empréstimos
10-abr.,db allianz seguro ranger de de,84624000166,,"-R$  184,61 ","-R$  942,26 ",9,Seguros
10-abr.,db allianz seguro ranger de de,46240001660,,"-R$  219,08 ","-R$  1.161,34 ",9,Seguros
10-abr.,credito ted pagseguro internet ltda,34.438.433," R$  1.095,49 ",,"-R$  65,85 ",9,Seguros
10-abr.,credito pix eceeltec eletroelet,401.713.286," R$  100,00 ",," R$  34,15 ",7,Pagamentos e Créditos
12-abr.,credito ted pagseguro internet ltda,34.113.849," R$  1.238,74 ",," R$  1.272,89 ",9,Seguros
15-abr.,credito pix eceel tec eletroeletronica informa,403.652.523," R$  389,66 ",," R$  1.662,55 ",7,Pagamentos e Créditos
15-abr.,db cotas,19.911,,"-R$  69,50 "," R$  1.593,05 ",2,Despesas Diversas
15-abr.,pg pinternet parana clinicas planos de sa,10.004.323,,"-R$  1.069,79 "," R$  523,26 ",2,Despesas Diversas
15-abr.,credito ted pagseguro internet ltda,34.914.171," R$  492,66 ",," R$  1.015,92 ",9,Seguros
16-abr.,pg pinternet energia lj,10.001.610,,"-R$  190,32 "," R$  825,60 ",1,Contas de Consumo
16-abr.,pg pinternet energia lj,10.001.616,,"-R$  59,85 "," R$  765,75 ",1,Contas de Consumo
16-abr.,pg pinternet energia lj,10.001.628,,"-R$  488,82 "," R$  276,93 ",1,Contas de Consumo
16-abr.,credito ted pagseguro internet ltda,34.057.067," R$  386,40 ",," R$  663,33 ",9,Seguros
18-abr.,credito ted pagseguro internet ltda,33.999.768," R$  241,32 ",," R$  904,65 ",9,Seguros
19-abr.,credito pix pagseguro internet ltda,406.376.516," R$  1.520,18 ",," R$  2.424,83 ",9,Seguros
23-abr.,credito ted pagseguro internet ltda,34.021.425," R$  3.018,73 ",," R$  5.443,56 ",9,Seguros
25-abr.,pg pinternet net fone,10.003.245,,"-R$  140,11 "," R$  5.303,45 ",1,Contas de Consumo
25-abr.,pg pinternet ligga telecom,10.003.262,,"-R$  149,90 "," R$  5.153,55 ",2,Despesas Diversas
25-abr.,pg pinternet celular,10.003.278,,"-R$  70,12 "," R$  5.083,43 ",1,Contas de Consumo
25-abr.,pg pinternet med curitiba,10.003.290,,"-R$  105,45 "," R$  4.977,98 ",8,Saúde
29-abr.,pg pinternet vale transporte,10.001.866,,"-R$  567,03 "," R$  4.410,95 ",11,Transporte
30-abr.,pg pinternet vr beneficios e serv de proc,10.002.381,,"-R$  1.950,00 "," R$  2.460,95 ",2,Despesas Diversas
6-mai.,pg pinternet conta de agua,10.006.718,,"-R$  184,10 "," R$  2.276,85 ",2,Despesas Diversas
7-mai.,credito ted pagseguro internet ltda,34.966.778," R$  1.319,90 ",," R$  3.596,75 ",9,Seguros
8-mai.,pg pinternet ciee pr,10.003.674,,"-R$  550,19 "," R$  3.046,56 ",3,Educação
10-mai.,prest emprest compra da ranger,2,,"-R$  2.460,29 "," R$  586,27 ",4,Empréstimos
10-mai.,db allianz seguro ranger de de,84624000166,,"-R$  184,72 "," R$  401,55 ",9,Seguros
10-mai.,db allianz seguro ranger de de,46240001660,,"-R$  219,08 "," R$  182,47 ",9,Seguros
10-mai.,pg pinternet white martins,10.004.083,,"-R$  48,42 "," R$  134,05 ",2,Despesas Diversas
10-mai.,credito ted pagseguro internet ltda,34.331.348," R$  386,40 ",," R$  520,45 ",9,Seguros
13-mai.,pg pinternet refrigeracao dufrio comercio e,10.006.488,,"-R$  311,32 "," R$  209,13 ",2,Despesas Diversas
13-mai.,credito ted pagseguro internet ltda,34.454.997," R$  165,55 ",," R$  374,68 ",9,Seguros
15-mai.,db cotas,19.911,,"-R$  69,50 "," R$  305,18 ",2,Despesas Diversas
15-mai.,credito ted pagseguro internet ltda,34.852.816," R$  464,40 ",," R$  769,58 ",9,Seguros
16-mai.,credito ted pagseguro internet ltda,34.126.331," R$  631,89 ",," R$  1.401,47 ",9,Seguros
17-mai.,credito pix pagseguro internet ltda,421.413.937," R$  168,05 ",," R$  1.569,52 ",9,Seguros
21-mai.,credito pix pagseguro internet ltda,423.305.479," R$  1.372,11 ",," R$  2.941,63 ",9,Seguros
23-mai.,credito pix pagseguro internet ltda,424.120.150," R$  1.025,69 ",," R$  3.967,32 ",9,Seguros
27-mai.,credito pix pagseguro internet ltda,425.441.430," R$  1.202,67 ",," R$  5.169,99 ",9,Seguros
27-mai.,pg pinternet celular,10.004.203,,"-R$  70,12 "," R$  5.099,87 ",1,Contas de Consumo
27-mai.,pg pinternet ligga telecom,10.004.224,,"-R$  149,90 "," R$  4.949,97 ",2,Despesas Diversas
27-mai.,pg pinternet net fone,10.004.235,,"-R$  139,96 "," R$  4.810,01 ",1,Contas de Consumo
27-mai.,pg pinternet med curitiba,10.004.263,,"-R$  105,45 "," R$  4.704,56 ",8,Saúde
27-mai.,pg pinternet vt nicolas e ronaldo,10.004.295,,"-R$  363,03 "," R$  4.341,53 ",11,Transporte
28-mai.,credito pix pagseguro internet ltda,426.238.583," R$  137,14 ",," R$  4.478,67 ",9,Seguros
29-mai.,pg pinternet vr beneficios e serv de proc,10.002.935,,"-R$  1.750,00 "," R$  2.728,67 ",2,Despesas Diversas
29-mai.,credito pix pagseguro internet ltda,426782773," R$  193,96 ",," R$  2.922,63 ",9,Seguros
7-jun.,credito ted pagseguro internet ltda,34.301.847," R$  905,00 ",," R$  3.827,63 ",9,Seguros
10-jun.,prest emprest compra da ranger,2,,"-R$  2.460,29 "," R$  1.367,34 ",4,Empréstimos
10-jun.,db allianz seguro ranger de de,84624000166,,"-R$  219,26 "," R$  1.148,08 ",9,Seguros
10-jun.,credito pix pagseguro internet ltda,433.909.114," R$  2.348,52 ",," R$  3.496,60 ",9,Seguros
2-jun.,credito ted pagseguro internet ltda,34.195.161," R$  2.242,17 ",," R$  5.738,77 ",9,Seguros
14-jun.,credito ted pagseguro internet ltda,34.322.327," R$  1.936,83 ",," R$  7.675,60 ",9,Seguros
14-jun.,pg pinternet parana clinicas planos de sa,10.003.193,,"-R$  1.069,79 "," R$  6.605,81 ",2,Despesas Diversas
14-jun.,pg pinternet springer carrier nf de,10.003.220,,"-R$  68,35 "," R$  6.537,46 ",5,Equipamentos
14-jun.,pg pinternet energia lj,10.003.250,,"-R$  170,28 "," R$  6.367,18 ",1,Contas de Consumo
14-jun.,pg pinternet energia lj,10.003.283,,"-R$  68,08 "," R$  6.299,10 ",1,Contas de Consumo
14-jun.,pg pinternet energia lj,10.003.298,,"-R$  480,96 "," R$  5.818,14 ",1,Contas de Consumo
17-jun.,db cotas,19.911,,"-R$  69,50 "," R$  5.748,64 ",2,Despesas Diversas
17-jun.,credito pix eceel tec eletroeletronica informa,437.707.788," R$  801,78 ",," R$  6.550,42 ",7,Pagamentos e Créditos
18-jun.,credito pix eceel tec eletroeletronica informa,438.369.471," R$  1.358,54 ",," R$  7.908,96 ",7,Pagamentos e Créditos
20-jun.,credito pix eceel tec eletroeletronica informa,439.343.660," R$  492,50 ",," R$  8.401,46 ",7,Pagamentos e Créditos
20-jun.,pg pinternet vr beneficios e serv de proc vr juan,10.006.532,,"-R$  200,00 "," R$  8.201,46 ",2,Despesas Diversas
24-jun.,credito pix eceel tec eletroeletronica informa,441.277.519," R$  1.173,69 ",," R$  9.375,15 ",7,Pagamentos e Créditos
25-jun.,pg pinternet med curitiba,10.002.010,,"-R$  115,99 "," R$  9.259,16 ",8,Saúde
25-jun.,pg pinternet net fone,10.002.018,,"-R$  147,89 "," R$  9.111,27 ",1,Contas de Consumo
25-jun.,pg pinternet celular,10.002.039,,"-R$  70,12 "," R$  9.041,15 ",1,Contas de Consumo
25-jun.,pg pinternet ligga telecom,10.002.069,,"-R$  149,90 "," R$  8.891,25 ",2,Despesas Diversas
25-jun.,pg pinternet springer carrier,10.002.090,,"-R$  497,32 "," R$  8.393,93 ",5,Equipamentos
25-jun.,credito ted pagseguro internet ltda,34.192.564," R$  487,83 ",," R$  8.881,76 ",9,Seguros
28-jun.,pg pinternet vr beneficios e serv de proc,10.002.932,,"-R$  1.800,00 "," R$  7.081,76 ",2,Despesas Diversas
1-jul.,pg pinternet springer carrier nf de parc,10.005.538,,"-R$  376,66 "," R$  6.705,10 ",5,Equipamentos
5-jul.,pg pinternet conta de agua,10.002.355,,"-R$  210,86 "," R$  6.494,24 ",2,Despesas Diversas
8-jul.,pg pinternet springer carrier ref serv de instalao carto sim,10.006.896,,"-R$  98,35 "," R$  6.395,89 ",5,Equipamentos
8-jul.,pg pinternet refrigeracao dufrio comercio e,10.006.908,,"-R$  311,22 "," R$  6.084,67 ",2,Despesas Diversas
8-jul.,pg pinternet ciee pr estagirio,10.006.921,,"-R$  550,19 "," R$  5.534,48 ",3,Educação
10-jul.,prest emprest compra da ranger,3,,"-R$  2.460,29 "," R$  3.074,19 ",4,Empréstimos
15-jul.,db cotas,19.911,,"-R$  69,50 "," R$  3.004,69 ",2,Despesas Diversas
15-jul.,pg pinternet white martins,10.005.438,,"-R$  48,42 "," R$  2.956,27 ",2,Despesas Diversas
15-jul.,pg pinternet parana clinicas planos de sa,10.005.514,,"-R$  854,12 "," R$  2.102,15 ",2,Despesas Diversas
15-jul.,pg pinternet energia lj,10.005.569,,"-R$  175,07 "," R$  1.927,08 ",1,Contas de Consumo
15-jul.,pg pinternet energia lj,10.005.736,,"-R$  51,43 "," R$  1.875,65 ",1,Contas de Consumo
15-jul.,pg pinternet energia lj,10.005.746,,"-R$  446,74 "," R$  1.428,91 ",1,Contas de Consumo
15-jul.,pg pinternet springer carrier,10.005.793,,"-R$  68,35 "," R$  1.360,56 ",5,Equipamentos
19-jul.,credito ted pagseguro internet ltda,34.178.064," R$  24,73 ",," R$  1.385,29 ",9,Seguros
24-jul.,credito pix stone pagamentos maquininha ton,457.654.032," R$  1.868,40 ",," R$  3.253,69 ",7,Pagamentos e Créditos
25-jul.,pg pinternet celular,10.002.282,,"-R$  70,12 "," R$  3.183,57 ",1,Contas de Consumo
25-jul.,pg pinternet ligga telecom,10.002.284,,"-R$  149,90 "," R$  3.033,67 ",2,Despesas Diversas
25-jul.,pg pinternet net fone,10.002.319,,"-R$  139,96 "," R$  2.893,71 ",1,Contas de Consumo
25-jul.,pg pinternet med curitiba,10.002.338,,"-R$  156,90 "," R$  2.736,81 ",8,Saúde
26-jul.,credito pix stone pagamentos maquininha ton,458.789.355," R$  1.000,00 ",," R$  3.736,81 ",7,Pagamentos e Créditos
30-jul.,credito pix pagseguro internet ltda,460.372.221," R$  39,40 ",," R$  3.776,21 ",9,Seguros
31-jul.,pg pinternet vr beneficios e serv de proc,10.003.049,,"-R$  2.053,34 "," R$  1.722,87 ",2,Despesas Diversas
31-jul.,pg pinternet junta comercial,10.003.118,,"-R$  44,20 "," R$  1.678,67 ",2,Despesas Diversas
9-ago.,credito pix pagbank maquininha de carto,466.925.811," R$  2.745,16 ",," R$  4.423,83 ",7,Pagamentos e Créditos
12-ago.,prest emprest compra da ranger,3,,"-R$  2.460,29 "," R$  1.963,54 ",4,Empréstimos
15-ago.,db cotas,19.911,,"-R$  69,50 "," R$  1.894,04 ",2,Despesas Diversas
16-ago.,db allianz seguro ranger de,84624000166,,"-R$  390,57 "," R$  1.503,47 ",9,Seguros
16-ago.,pg pinternet energia lj,10.003.415,,"-R$  211,10 "," R$  1.292,37 ",1,Contas de Consumo
16-ago.,pg pinternet energia lj,10.003.427,,"-R$  67,48 "," R$  1.224,89 ",1,Contas de Consumo
16-ago.,pg pinternet energia lj,10.003.439,,"-R$  553,96 "," R$  670,93 ",1,Contas de Consumo
