DATA,DESCRIÇÃO,DOCUMENTO,CRÉDITO,DÉBITO,SALDO,Categoria
1/4/2022,PG.P/INTERNET - WHITE MARTINS,10.002.006,,"-R$ 30,90 "," R$ 16.284,18 ",Despesas Diversas
1/4/2022,PG.P/INTERNET - MED CURITIBA,10.001.995,,"-R$ 100,00 "," R$ 16.184,18 ",Saúde
1/4/2022,PG.P/INTERNET - SPRINGER CARRIER,10.002.010,,"-R$ 358,91 "," R$ 15.825,27 ",Equipamentos
1/4/2022,CREDITO TED - PAGSEGURO INTERNET LTDA,33.834.846," R$ 846,95 ",," R$ 16.672,22 ",Seguros
1/7/2022,PG.P/INTERNET - ALUGUEL,10.005.388,,"-R$ 3.046,25 "," R$ 13.625,97 ",Aluguel
1/10/2022,PREST.EMPREST 034/048,8,,"-R$ 1.418,47 "," R$ 12.207,50 ",Empréstimos
1/10/2022,DB. ALLIANZ  SEGURO SPIN 6 DE 10,84624000166,,"-R$ 144,05 "," R$ 12.063,45 ",Seguros
1/11/2022,CREDITO TED - PAGSEGURO INTERNET LTDA,33.655.713," R$ 1.449,70 ",," R$ 13.513,15 ",Seguros
1/17/2022,DB. COTAS,19.911,,"-R$ 59,50 "," R$ 13.453,65 ",Despesas Diversas
1/17/2022,CREDITO TED - PAGSEGURO INTERNET LTDA,16," R$ 1.517,30 ",," R$ 14.970,95 ",Seguros
1/21/2022,CREDITO TED - PAGSEGURO INTERNET LTDA,34.071.140," R$ 696,85 ",," R$ 15.667,80 ",Seguros
1/24/2022,CREDITO TED - PAGSEGURO INTERNET LTDA,33.887.899," R$ 807,33 ",," R$ 16.475,13 ",Seguros
1/24/2022,PG.P/INTERNET - CARGOBR INTERM E AGENC NEG S A,10.004.082,,"-R$ 92,52 "," R$ 16.382,61 ",Despesas Diversas
1/25/2022,PG.P/INTERNET - MED CURITIBA,10.003.015,,"-R$ 100,00 "," R$ 16.282,61 ",Saúde
1/25/2022,PG.P/INTERNET - Detran taxa licenciamento 2022,10.003.039,,"-R$ 86,50 "," R$ 16.196,11 ",Impostos e Taxas
1/25/2022,PG.P/INTERNET - Detran taxa licenciamento 2022,10.003.169,,"-R$ 86,50 "," R$ 16.109,61 ",Impostos e Taxas
1/26/2022,CREDITO TED - PAGSEGURO INTERNET LTDA,33.979.580," R$ 264,30 ",," R$ 16.373,91 ",Seguros
1/27/2022,CREDITO TED - PAGSEGURO INTERNET LTDA,33.991.869," R$ 1.861,80 ",," R$ 18.235,71 ",Seguros
1/31/2022,PG.P/INTERNET - VT LUIZ E GUILHERME,10.000.226,,"-R$ 380,63 "," R$ 17.855,08 ",Transporte
1/31/2022,CREDITO TED - PAGSEGURO INTERNET LTDA,34.538.571," R$ 863,14 ",," R$ 18.718,22 ",Seguros
2/2/2022,CREDITO TED - PAGSEGURO INTERNET LTDA,34.042.829," R$ 1.666,76 ",," R$ 20.384,98 ",Seguros
2/3/2022,CREDITO TED - PAGSEGURO INTERNET LTDA,33.928.947," R$ 1.132,17 ",," R$ 21.517,15 ",Seguros
2/4/2022,PG.P/INTERNET - DARF - IRRF,10.003.709,,"-R$ 18,88 "," R$ 21.498,27 ",Impostos e Taxas
2/4/2022,PG.P/INTERNET - Conta de agua,10.007.295,,"-R$ 154,06 "," R$ 21.344,21 ",Despesas Diversas
2/7/2022,CREDITO TED - PAGSEGURO INTERNET LTDA,33.004.134," R$ 220,89 ",," R$ 21.565,10 ",Seguros
2/7/2022,PG.P/INTERNET - WHITE MARTINS,10.007.653,,"-R$ 30,90 "," R$ 21.534,20 ",Despesas Diversas
2/7/2022,PG.P/INTERNET - ALUGUEL,10.007.709,,"-R$ 3.391,15 "," R$ 18.143,05 ",Aluguel
2/7/2022,PG.P/INTERNET - REFRIGERACAO DUFRIO ,10.007.787,,"-R$ 376,13 "," R$ 17.766,92 ",Despesas Diversas
2/7/2022,PG.P/INTERNET - SPRINGER CARRIER,10.007.729,,"-R$ 294,52 "," R$ 17.472,40 ",Equipamentos
2/7/2022,PG.P/INTERNET - CIEE - ESTAGIARIO GABRIEL,10.007.890,,"-R$ 396,36 "," R$ 17.076,04 ",Educação
2/9/2022,PG.P/INTERNET - RED S A - FRESNOMAQ WAP,10.003.308,,"-R$ 220,26 "," R$ 16.855,78 ",Despesas Diversas
2/9/2022,PG.P/INTERNET - SPRINGER CARRIER,10.003.419,,"-R$ 105,82 "," R$ 16.749,96 ",Equipamentos
2/9/2022,CREDITO TED - PAGSEGURO INTERNET LTDA,33.986.427," R$ 2.896,89 ",," R$ 19.646,85 ",Seguros
2/10/2022,PREST.EMPREST 035/048,7,,"-R$ 1.418,47 "," R$ 18.228,38 ",Empréstimos
2/10/2022,DB. ALLIANZ SEGURO SPIN 7 DE 10,84624000166,,"-R$ 144,05 "," R$ 18.084,33 ",Seguros
2/15/2022,DB. COTAS,19.911,,"-R$ 59,50 "," R$ 18.024,83 ",Despesas Diversas
2/15/2022,PG.P/INTERNET CARTÃO INTER,10.007.750,,"-R$ 2.198,74 "," R$ 15.826,09 ",Despesas Diversas
2/18/2022,CREDITO TED - PAGSEGURO INTERNET LTDA,33.796.704," R$ 1.526,56 ",," R$ 17.352,65 ",Seguros
2/22/2022,CREDITO TED - PAGSEGURO INTERNET LTDA,33.005.336," R$ 881,09 ",," R$ 18.233,74 ",Seguros
2/22/2022,PG.P/INTERNET - NET FONE,10.002.866,,"-R$ 139,88 "," R$ 18.093,86 ",Contas de Consumo
2/22/2022,PG.P/INTERNET - COPEL FIBRA,10.002.877,,"-R$ 149,90 "," R$ 17.943,96 ",Despesas Diversas
2/22/2022,PG.P/INTERNET - Celular,10.002.900,,"-R$ 64,98 "," R$ 17.878,98 ",Contas de Consumo
2/22/2022,PG.P/INTERNET - Celular,10.002.908,,"-R$ 54,99 "," R$ 17.823,99 ",Contas de Consumo
2/22/2022,PG.P/INTERNET - SPRINGER CARRIER,10.002.925,,"-R$ 69,25 "," R$ 17.754,74 ",Equipamentos
2/24/2022,PG.P/INTERNET - FRESNOMAQ WAP,10.001.606,,"-R$ 292,81 "," R$ 17.461,93 ",Despesas Diversas
2/25/2022,CREDITO TED - PAGSEGURO INTERNET LTDA,34.109.324," R$ 595,26 ",," R$ 18.057,19 ",Seguros
2/25/2022,PG.P/INTERNET - VT LUIZ,10.006.946,,"-R$ 245,63 "," R$ 17.811,56 ",Transporte
2/25/2022,PG.P/INTERNET - MED CURITIBA,10.006.956,,"-R$ 283,00 "," R$ 17.528,56 ",Saúde
3/2/2022,CREDITO TED - PAGSEGURO INTERNET LTDA,33.146.391," R$ 2.625,04 ",," R$ 20.153,60 ",Seguros
3/2/2022,PG.P/INTERNET - SPRINGER CARRIER,10.009.925,,"-R$ 26,00 "," R$ 20.127,60 ",Equipamentos
3/2/2022,PG.P/INTERNET - SPRINGER CARRIER,10.011.744,,"-R$ 123,88 "," R$ 20.003,72 ",Equipamentos
3/2/2022,PG.P/INTERNET - SPRINGER CARRIER,10.011.751,,"-R$ 69,30 "," R$ 19.934,42 ",Equipamentos
3/2/2022,PG.P/INTERNET - WHITE MARTINS,10.011.758,,"-R$ 30,90 "," R$ 19.903,52 ",Despesas Diversas
3/4/2022,CREDITO TED - PAGSEGURO INTERNET LTDA,34.161.234," R$ 440,24 ",," R$ 20.343,76 ",Seguros
3/7/2022,PG.P/INTERNET - PAGAMENTO ALUGUEL,10.011.568,,"-R$ 3.391,15 "," R$ 16.952,61 ",Aluguel
3/8/2022,PG.P/INTERNET - CIEE - ESTAGIARIO GABRIEL,10.001.942,,"-R$ 396,36 "," R$ 16.556,25 ",Educação
3/8/2022,PG.P/INTERNET - SPRINGER CARRIER,10.001.956,,"-R$ 294,51 "," R$ 16.261,74 ",Equipamentos
3/8/2022,CREDITO TED - PAGSEGURO INTERNET LTDA,34.191.935," R$ 468,13 ",," R$ 16.729,87 ",Seguros
3/9/2022,CREDITO TED - PICPAY SERVICOS S A,33.693.223," R$ 528,70 ",," R$ 17.258,57 ",Pagamentos e Créditos
3/10/2022,PREST.EMPREST 036/048,7,,"-R$ 1.418,47 "," R$ 15.840,10 ",Empréstimos
3/10/2022,DB. ALLIANZ SEGURO SPIN 8 DE 10,84624000166,,"-R$ 144,05 "," R$ 15.696,05 ",Seguros
3/14/2022,CR.APL.RDCPOS,153," R$ 1.500,00 ",," R$ 17.196,05 ",Despesas Diversas
3/14/2022,DEBITO PIX - LEONARDO - COMPRA MOTO,78.299.960,,"-R$ 16.000,00 "," R$ 1.196,05 ",Despesas Diversas
3/14/2022,PIX TRANSF PAGADOR,78.299.960,,"-R$ 4,99 "," R$ 1.191,06 ",Despesas Diversas
3/15/2022,DB. COTAS,19.911,,"-R$ 59,50 "," R$ 1.131,56 ",Despesas Diversas
3/16/2022,CREDITO TED - PAGSEGURO INTERNET LTDA,34.156.294," R$ 192,22 ",," R$ 1.323,78 ",Seguros
3/23/2022,PG.P/INTERNET - SPRINGER CARRIER,10.000.867,,"-R$ 266,95 "," R$ 1.056,83 ",Equipamentos
3/23/2022,PG.P/INTERNET - COPEL FIBRA,10.000.905,,"-R$ 149,90 "," R$ 906,93 ",Despesas Diversas
3/23/2022,PG.P/INTERNET - FRESNOMAQ WAP,10.000.881,,"-R$ 218,94 "," R$ 687,99 ",Despesas Diversas
3/23/2022,PG.P/INTERNET - NET FONE,10.000.893,,"-R$ 148,21 "," R$ 539,78 ",Contas de Consumo
3/23/2022,PG.P/INTERNET - celular,10.000.914,,"-R$ 64,98 "," R$ 474,80 ",Contas de Consumo
3/23/2022,PG.P/INTERNET - SPRINGER CARRIER,10.000.949,,"-R$ 183,61 "," R$ 291,19 ",Equipamentos
3/23/2022,PG.P/INTERNET - SPRINGER CARRIER,10.000.938,,"-R$ 69,24 "," R$ 221,95 ",Equipamentos
3/23/2022,CREDITO PIX - HDI SEGUROS S A - REEMBOLSO MOTO-NF-e 3674,81.010.391," R$ 8.841,87 ",," R$ 9.063,82 ",Seguros
3/24/2022,PG.P/INTERNET - celular,10.001.060,,"-R$ 54,99 "," R$ 9.008,83 ",Contas de Consumo
3/28/2022,CREDITO TED - PAGSEGURO INTERNET LTDA,33.029.925," R$ 1.983,80 ",," R$ 10.992,63 ",Seguros
3/28/2022,CREDITO TED - PICPAY SERVICOS S A,33.975.373," R$ 0,02 ",," R$ 10.992,65 ",Pagamentos e Créditos
3/29/2022,PG.P/INTERNET - VALE TRANSPORTE LUIZ,10.001.180,,"-R$ 255,63 "," R$ 10.737,02 ",Transporte
3/29/2022,PG.P/INTERNET - CONSELHO REGIONAL DOS TECNICOS,10.001.201,,"-R$ 297,95 "," R$ 10.439,07 ",Despesas Diversas
3/29/2022,PG.P/INTERNET - MED CURITIBA,10.001.191,,"-R$ 120,00 "," R$ 10.319,07 ",Saúde
3/29/2022,PG.P/INTERNET - ENGMEC DISTRIBUICAO,10.001.210,,"-R$ 290,40 "," R$ 10.028,67 ",Despesas Diversas
3/29/2022,PG.P/INTERNET - TAXA DE CORPO DE BOMBEIROS,10.001.340,,"-R$ 107,66 "," R$ 9.921,01 ",Impostos e Taxas
3/31/2022,CREDITO TED - PAGSEGURO INTERNET LTDA,34.502.289," R$ 1.453,54 ",," R$ 11.374,55 ",Seguros
4/1/2022,PG.P/INTERNET - SPRINGER CARRIER,10.002.157,,"-R$ 335,09 "," R$ 11.039,46 ",Equipamentos
4/1/2022,PG.P/INTERNET - Conta de agua,10.002.202,,"-R$ 159,85 "," R$ 10.879,61 ",Despesas Diversas
4/1/2022,PG.P/INTERNET - WHITE MARTINS,10.002.180,,"-R$ 30,90 "," R$ 10.848,71 ",Despesas Diversas
4/1/2022,PG.P/INTERNET - ENGMEC DISTRIBUICAO,10.002.228,,"-R$ 290,40 "," R$ 10.558,31 ",Despesas Diversas
4/1/2022,CREDITO TED - PAGSEGURO INTERNET LTDA,33.998.000," R$ 758,68 ",," R$ 11.316,99 ",Seguros
4/7/2022,CREDITO TED - PAGSEGURO INTERNET LTDA,33.810.910," R$ 1.386,33 ",," R$ 12.703,32 ",Seguros
4/7/2022,PG.P/INTERNET - CIEE - ESTAGIARIO GABRIEL,10.002.783,,"-R$ 396,36 "," R$ 12.306,96 ",Educação
4/7/2022,PG.P/INTERNET - PAGAMENTO ALUGUEL,10.002.838,,"-R$ 3.391,15 "," R$ 8.915,81 ",Aluguel
4/7/2022,PG.P/INTERNET - SPRINGER CARRIER,10.002.859,,"-R$ 89,24 "," R$ 8.826,57 ",Equipamentos
4/7/2022,PG.P/INTERNET - PACKPAR EMBALAGENS EIRELI,10.002.879,,"-R$ 573,86 "," R$ 8.252,71 ",Equipamentos
4/8/2022,CREDITO TED - PAGSEGURO INTERNET LTDA,33.926.648," R$ 692,18 ",," R$ 8.944,89 ",Seguros
4/11/2022,PREST.EMPREST 037/048,5,,"-R$ 1.418,47 "," R$ 7.526,42 ",Empréstimos
4/11/2022,DB. ALLIANZ SEGURO SPIN 9 DE 10,84624000166,,"-R$ 144,05 "," R$ 7.382,37 ",Seguros
4/12/2022,PG.P/INTERNET - AKROM PRODUTOS ELETRONICOS EIR,10.004.916,,"-R$ 298,00 "," R$ 7.084,37 ",Despesas Diversas
4/12/2022,PG.P/INTERNET - SPRINGER CARRIER,10.004.933,,"-R$ 29,46 "," R$ 7.054,91 ",Equipamentos
4/12/2022,PG.P/INTERNET - JUNTA COMERCIAL DO PARANA,10.004.942,,"-R$ 79,20 "," R$ 6.975,71 ",Despesas Diversas
4/12/2022,PG.P/INTERNET - CIEE RESCISAO ESTAG GABRIEL,10.004.967,,"-R$ 139,70 "," R$ 6.836,01 ",Educação
4/13/2022,CREDITO TED - PAGSEGURO INTERNET LTDA,33.037.149," R$ 1.154,29 ",," R$ 7.990,30 ",Seguros
4/18/2022,DB. COTAS,19.911,,"-R$ 59,50 "," R$ 7.930,80 ",Despesas Diversas
4/19/2022,CREDITO TED - PAGSEGURO INTERNET LTDA,34.113.572," R$ 2.187,24 ",," R$ 10.118,04 ",Seguros
4/19/2022,PG.P/INTERNET - DAS,10.003.609,,"-R$ 1.964,17 "," R$ 8.153,87 ",Despesas Diversas
4/19/2022,PG.P/INTERNET - SPRINGER CARRIER,10.003.691,,"-R$ 266,94 "," R$ 7.886,93 ",Equipamentos
4/19/2022,PG.P/INTERNET - PACKPAR EMBALAGENS EIRELI,10.003.712,,"-R$ 573,86 "," R$ 7.313,07 ",Equipamentos
4/22/2022,DB. ALLIANZ SEGURO MOTO 1 DE 10,84624000166,,"-R$ 157,91 "," R$ 7.155,16 ",Seguros
4/25/2022,CREDITO TED - PAGSEGURO INTERNET LTDA,34.540.675," R$ 1.160,70 ",," R$ 8.315,86 ",Seguros
4/29/2022,CREDITO TED - PAGSEGURO INTERNET LTDA,34.283.915," R$ 768,88 ",," R$ 9.084,74 ",Seguros
5/3/2022,CREDITO TED - PAGSEGURO INTERNET LTDA,34.112.145," R$ 400,98 ",," R$ 9.485,72 ",Seguros
5/5/2022,CREDITO TED - PAGSEGURO INTERNET LTDA,33.517.037," R$ 337,14 ",," R$ 9.822,86 ",Seguros
5/9/2022,CREDITO TED - PAGSEGURO INTERNET LTDA,34.694.196," R$ 654,94 ",," R$ 10.477,80 ",Seguros
5/10/2022,PREST.EMPREST 038/048,4,,"-R$ 1.418,47 "," R$ 9.059,33 ",Empréstimos
5/10/2022,DB. ALLIANZ SEGURO SPIN 10 DE 10,84624000166,,"-R$ 144,12 "," R$ 8.915,21 ",Seguros
5/10/2022,CREDITO TED - PICPAY,33.690.555," R$ 504,05 ",," R$ 9.419,26 ",Pagamentos e Créditos
5/11/2022,CREDITO TED - PAGSEGURO INTERNET LTDA,34.249.720," R$ 403,66 ",," R$ 9.822,92 ",Seguros
5/12/2022,CREDITO TED - PAGSEGURO INTERNET LTDA,33.727.837," R$ 481,81 ",," R$ 10.304,73 ",Seguros
5/16/2022,DB. COTAS,19.911,,"-R$ 59,50 "," R$ 10.245,23 ",Despesas Diversas
5/17/2022,CREDITO TED - PAGSEGURO INTERNET LTDA,33.794.913," R$ 1.043,81 ",," R$ 11.289,04 ",Seguros
5/20/2022,DB. ALLIANZ SEGURO MOTO 2 DE 10,84624000166,,"-R$ 157,91 "," R$ 11.131,13 ",Seguros
5/23/2022,CREDITO TED - PAGSEGURO INTERNET LTDA,33.039.610," R$ 1.789,34 ",," R$ 12.920,47 ",Seguros
5/27/2022,CREDITO TED - PAGSEGURO INTERNET LTDA,33.741.404," R$ 622,63 ",," R$ 13.543,10 ",Seguros
5/31/2022,CREDITO TED - PAGSEGURO INTERNET LTDA,34.607.196," R$ 1.124,41 ",," R$ 14.667,51 ",Seguros
6/1/2022,CREDITO TED - PAGSEGURO INTERNET LTDA,34.391.674," R$ 1.196,09 ",," R$ 15.863,60 ",Seguros
6/3/2022,CREDITO TED - PAGSEGURO INTERNET LTDA,33.871.162," R$ 1.394,24 ",," R$ 17.257,84 ",Seguros
6/6/2022,CREDITO TED - PAGSEGURO INTERNET LTDA,33.834.753," R$ 1.371,58 ",," R$ 18.629,42 ",Seguros
6/10/2022,PREST.EMPREST 039/048,4,,"-R$ 1.418,47 "," R$ 17.210,95 ",Empréstimos
6/10/2022,CREDITO TED - PAGSEGURO INTERNET LTDA,34.062.533," R$ 623,77 ",," R$ 17.834,72 ",Seguros
6/13/2022,CREDITO TED - PICPAY,33.816.104," R$ 633,67 ",," R$ 18.468,39 ",Pagamentos e Créditos
6/13/2022,CREDITO TED - PAGSEGURO INTERNET LTDA,33.862.292," R$ 781,42 ",," R$ 19.249,81 ",Seguros
6/15/2022,DB. COTAS,19.911,,"-R$ 59,50 "," R$ 19.190,31 ",Despesas Diversas
6/15/2022,CREDITO TED - PAGSEGURO INTERNET LTDA,33.849.917," R$ 978,44 ",," R$ 20.168,75 ",Seguros
6/17/2022,PG.P/INTERNET - SOLUCAO CERTIFICACAO DIGITAL L,10.005.060,,"-R$ 175,00 "," R$ 19.993,75 ",Serviços Digitais
6/17/2022,PG.P/INTERNET - SPRINGER CARRIER,10.005.084,,"-R$ 49,74 "," R$ 19.944,01 ",Equipamentos
6/20/2022,DB. ALLIANZ SEGURO MOTO 3 DE 10,84624000166,,"-R$ 157,91 "," R$ 19.786,10 ",Seguros
6/20/2022,CREDITO TED - PAGSEGURO INTERNET LTDA,34.278.316," R$ 489,60 ",," R$ 20.275,70 ",Seguros
6/20/2022,PG.P/INTERNET - DAS,10.005.972,,"-R$ 3.013,85 "," R$ 17.261,85 ",Despesas Diversas
6/20/2022,PG.P/INTERNET - MASTER FILME C EMBALAGENS LTDA,10.006.015,,"-R$ 426,53 "," R$ 16.835,32 ",Equipamentos
6/22/2022,CREDITO TED - PAGSEGURO INTERNET LTDA,34.025.210," R$ 642,23 ",," R$ 17.477,55 ",Seguros
6/23/2022,CREDITO TED - PAGSEGURO INTERNET LTDA,33.972.045," R$ 1.917,20 ",," R$ 19.394,75 ",Seguros
6/23/2022,PG.P/INTERNET - PACKPAR EMBALAGENS EIRELI,10.003.144,,"-R$ 432,21 "," R$ 18.962,54 ",Equipamentos
6/23/2022,PG.P/INTERNET - MASTER FILME C EMBALAGENS LTDA,10.003.146,,"-R$ 426,53 "," R$ 18.536,01 ",Equipamentos
6/24/2022,PG.P/INTERNET - NET FONE,10.001.110,,"-R$ 139,88 "," R$ 18.396,13 ",Contas de Consumo
6/24/2022,PG.P/INTERNET - Celular,10.001.126,,"-R$ 64,99 "," R$ 18.331,14 ",Contas de Consumo
6/24/2022,PG.P/INTERNET - Ligga telecon,10.001.123,,"-R$ 149,90 "," R$ 18.181,24 ",Despesas Diversas
6/24/2022,CREDITO TED - PAGSEGURO INTERNET LTDA,33.422.247," R$ 585,55 ",," R$ 18.766,79 ",Seguros
6/24/2022,PG.P/INTERNET - MED CURITIBA,10.003.245,,"-R$ 156,00 "," R$ 18.610,79 ",Saúde
6/27/2022,CREDITO TED - PAGSEGURO INTERNET LTDA,34.022.980," R$ 631,07 ",," R$ 19.241,86 ",Seguros
6/29/2022,CREDITO TED - PAGSEGURO INTERNET LTDA,33.868.331," R$ 1.151,25 ",," R$ 20.393,11 ",Seguros
6/30/2022,PG.P/INTERNET - FUNDO DE URBANIZACAO DE CURITI,10.004.497,,"-R$ 519,63 "," R$ 19.873,48 ",Despesas Diversas
7/1/2022,CREDITO TED - PAGSEGURO INTERNET LTDA,34.153.379," R$ 936,31 ",," R$ 20.809,79 ",Seguros
7/5/2022,CREDITO TED - PAGSEGURO INTERNET LTDA,33.550.405," R$ 963,10 ",," R$ 21.772,89 ",Seguros
7/5/2022,PG.P/INTERNET - Conta de agua,10.003.399,,"-R$ 208,42 "," R$ 21.564,47 ",Despesas Diversas
7/5/2022,PG.P/INTERNET - MASTER FILME C EMBALAGENS LTDA,10.003.456,,"-R$ 426,54 "," R$ 21.137,93 ",Equipamentos
7/5/2022,PG.P/INTERNET - WHITE MARTINS,10.003.468,,"-R$ 30,90 "," R$ 21.107,03 ",Despesas Diversas
7/8/2022,PG.P/INTERNET - CIEE - PR,10.002.638,,"-R$ 712,72 "," R$ 20.394,31 ",Educação
7/8/2022,PG.P/INTERNET - CIEE - PR,10.002.682,,"-R$ 174,70 "," R$ 20.219,61 ",Educação
7/8/2022,PG.P/INTERNET - PAGAMENTO ALUGUEL,10.002.717,,"-R$ 4.058,09 "," R$ 16.161,52 ",Aluguel
7/8/2022,CREDITO TED - PAGSEGURO INTERNET LTDA,33.809.671," R$ 2.444,52 ",," R$ 18.606,04 ",Seguros
7/11/2022,PREST.EMPREST 040/048,6,,"-R$ 1.418,47 "," R$ 17.187,57 ",Empréstimos
7/12/2022,CREDITO TED - PAGSEGURO INTERNET LTDA,33.736.860," R$ 1.716,77 ",," R$ 18.904,34 ",Seguros
7/13/2022,CREDITO TED - PAGSEGURO INTERNET LTDA,33.919.679," R$ 245,52 ",," R$ 19.149,86 ",Seguros
7/14/2022,PG.P/INTERNET - CONTA DE ENERGIA LJ 03,10.001.694,,"-R$  143,03 "," R$  19.006,83 ",Contas de Consumo
7/14/2022,PG.P/INTERNET - CONTA DE ENERGIA LJ 04,10.001.698,,"-R$  137,56 "," R$  18.869,27 ",Contas de Consumo
7/14/2022,PG.P/INTERNET - CONTA DE ENERGIA LJ 06,10.001.714,,"-R$  511,20 "," R$  18.358,07 ",Contas de Consumo
7/14/2022,PG.P/INTERNET - SPRINGER CARRIER,10.001.718,,"-R$  166,73 "," R$  18.191,34 ",Equipamentos
7/14/2022,CREDITO TED - PAGSEGURO INTERNET LTDA,33.768.163," R$ 240,00 ",," R$ 18.431,34 ",Seguros
7/15/2022,DB. COTAS,19.911,,"-R$  59,50 "," R$ 18.371,84 ",Despesas Diversas
7/15/2022,CREDITO TED - PAGSEGURO INTERNET LTDA,34.241.470," R$ 481,23 ",," R$ 18.853,07 ",Seguros
7/19/2022,CREDITO TED - PIC PAY,33.665.038," R$ 422,44 ",," R$ 19.275,51 ",Pagamentos e Créditos
7/20/2022,DB. ALLIANZ - SEGURO MOTO 4 DE 10,84624000166,,"-R$  157,91 "," R$ 19.117,60 ",Seguros
7/20/2022,CREDITO TED - PAGSEGURO INTERNET LTDA,34.050.849," R$ 2.055,28 ",," R$ 21.172,88 ",Seguros
7/21/2022,CREDITO TED - PAGSEGURO INTERNET LTDA,33.658.392," R$ 343,45 ",," R$ 21.516,33 ",Seguros
7/25/2022,CREDITO TED - PAGSEGURO INTERNET LTDA,34.376.558," R$ 580,68 ",," R$ 22.097,01 ",Seguros
7/27/2022,CREDITO TED - PAGSEGURO INTERNET LTDA,33.533.671," R$ 955,51 ",," R$ 23.052,52 ",Seguros
8/3/2022,CREDITO TED - PAGSEGURO INTERNET LTDA,33.525.740," R$ 2.774,94 ",," R$ 25.827,46 ",Seguros
8/8/2022,CREDITO TED - PAGSEGURO INTERNET LTDA,34.599.314," R$ 2.687,04 ",," R$ 28.514,50 ",Seguros
8/9/2022,CREDITO TED - PAGSEGURO INTERNET LTDA,33.644.989," R$ 1.200,83 ",," R$ 29.715,33 ",Seguros
8/10/2022,PREST.EMPREST 041/048,6,,"-R$ 1.418,47 "," R$ 28.296,86 ",Empréstimos
8/12/2022,CREDITO TED - PAGSEGURO INTERNET LTDA,33.677.214," R$ 1.712,14 ",," R$ 30.009,00 ",Seguros
8/12/2022,PG.P/INTERNET - CARTAO INTER SA,10.004.492,,"-R$ 2.816,85 "," R$ 27.192,15 ",Despesas Diversas
8/15/2022,DB. ALLIANZ - SEGURO SPIN 1 DE 10,84624000166,,"-R$  184,78 "," R$  27.007,37 ",Seguros
8/15/2022,DB. COTAS,19.911,,"-R$  66,48 "," R$  26.940,89 ",Despesas Diversas
8/17/2022,CREDITO TED - PAGSEGURO INTERNET LTDA,34.137.851," R$  3.546,39 ",," R$  30.487,28 ",Seguros
8/17/2022,DB.APL.RDCPOS,84.000.003,,"-R$  20.000,00 "," R$  10.487,28 ",Despesas Diversas
8/19/2022,CREDITO TED - PIC PAY,33.622.418," R$  292,83 ",," R$  10.780,11 ",Pagamentos e Créditos
8/22/2022,DB. ALLIANZ - SEGURO MOTO 5 DE 10,84624000166,,"-R$  157,91 "," R$  10.622,20 ",Seguros
8/22/2022,CREDITO TED - PAGSEGURO INTERNET LTDA,34.344.606," R$  2.404,64 ",," R$  13.026,84 ",Seguros
8/24/2022,CREDITO TED - PAGSEGURO INTERNET LTDA,33.966.322," R$  1.895,51 ",," R$  14.922,35 ",Seguros
8/25/2022,CREDITO TED - PAGSEGURO INTERNET LTDA,34.037.177," R$  466,10 ",," R$  15.388,45 ",Seguros
8/29/2022,DB.APL.RDCPOS,84.000.004,,"-R$  5.000,00 "," R$  10.388,45 ",Despesas Diversas
8/30/2022,CREDITO TED - PAGSEGURO INTERNET LTDA,33.693.478," R$  2.574,57 ",," R$  12.963,02 ",Seguros
9/9/2022,CREDITO TED - PAGSEGURO INTERNET LTDA,33.761.332," R$  2.054,45 ",," R$  15.017,47 ",Seguros
9/12/2022,PREST.EMPREST 042/048,5,,"-R$  1.418,47 "," R$  13.599,00 ",Empréstimos
9/12/2022,DB. ALLIANZ - SEGURO SPIN 2 DE 10,84624000166,,"-R$  184,78 "," R$  13.414,22 ",Seguros
9/14/2022,CREDITO TED - PAGSEGURO INTERNET LTDA,33.644.584," R$  1.212,06 ",," R$  14.626,28 ",Seguros
9/14/2022,PG.P/INTERNET - DARF GPS,10.002.086,,"-R$  1.572,31 "," R$  13.053,97 ",Impostos e Taxas
9/15/2022,DB. COTAS,19.911,,"-R$  66,48 "," R$  12.987,49 ",Despesas Diversas
9/16/2022,CREDITO TED - PAGSEGURO INTERNET LTDA,33.700.185," R$  1.918,04 ",," R$  14.905,53 ",Seguros
9/20/2022,DB. ALLIANZ - SEGURO MOTO 6 DE 10,84624000166,,"-R$  157,91 "," R$  14.747,62 ",Seguros
9/22/2022,CREDITO TED - PAGSEGURO INTERNET LTDA,33.516.597," R$  515,43 ",," R$  15.263,05 ",Seguros
9/26/2022,CREDITO TED - PAGSEGURO INTERNET LTDA,34.063.304," R$  667,30 ",," R$  15.930,35 ",Seguros
9/30/2022,CREDITO TED - PAGSEGURO INTERNET LTDA,34.118.659," R$  693,25 ",," R$  16.623,60 ",Seguros
10/6/2022,PG.P/INTERNET - VALE TRANSPORTE MATEUS,10.003.619,,"-R$  167,94 "," R$  16.455,66 ",Transporte
10/6/2022,PG.P/INTERNET - FGTS,10.003.641,,"-R$  1.330,31 "," R$  15.125,35 ",Impostos e Taxas
10/7/2022,CREDITO TED - PAGSEGURO INTERNET LTDA,34.091.133," R$  1.609,77 ",," R$  16.735,12 ",Seguros
10/7/2022,PG.P/INTERNET - PAGAMENTO ALUGUEL,10.005.204,,"-R$  4.058,09 "," R$  12.677,03 ",Aluguel
10/7/2022,PG.P/INTERNET - CIEE - ESTAGIARIOS,10.005.244,,"-R$  407,72 "," R$  12.269,31 ",Educação
10/10/2022,PREST.EMPREST 043/048,6,,"-R$  1.418,47 "," R$  10.850,84 ",Empréstimos
10/10/2022,DB. ALLIANZ - SEGURO SPIN 3 DE 10,84624000166,,"-R$  184,78 "," R$  10.666,06 ",Seguros
10/11/2022,CREDITO TED - PAGSEGURO INTERNET LTDA,33.583.072," R$  775,70 ",," R$  11.441,76 ",Seguros
10/11/2022,PG.P/INTERNET - WHITE MARTINS,10.002.363,,"-R$  100,00 "," R$  11.341,76 ",Despesas Diversas
10/17/2022,DB. COTAS,19.911,,"-R$  66,48 "," R$  11.275,28 ",Despesas Diversas
10/17/2022,CREDITO TED - PAGSEGURO INTERNET LTDA,34.629.762," R$  1.378,39 ",," R$  12.653,67 ",Seguros
10/19/2022,CREDITO TED - PAGSEGURO INTERNET LTDA,33.991.484," R$  1.902,77 ",," R$  14.556,44 ",Seguros
10/19/2022,PG.P/INTERNET - CARTAO INTER,10.003.978,,"-R$  3.041,50 "," R$  11.514,94 ",Despesas Diversas
10/20/2022,DB. ALLIANZ - SEGURO MOTO 7 DE 10,84624000166,,"-R$  157,91 "," R$  11.357,03 ",Seguros
10/20/2022,PG.P/INTERNET - Ligga telecon,10.004.175,,"-R$  149,90 "," R$  11.207,13 ",Despesas Diversas
10/20/2022,PG.P/INTERNET - CELULAR,10.004.324,,"-R$  57,61 "," R$  11.149,52 ",Contas de Consumo
10/20/2022,PG.P/INTERNET - NET FONE,10.004.258,,"-R$  123,60 "," R$  11.025,92 ",Contas de Consumo
10/25/2022,CREDITO TED - PAGSEGURO INTERNET LTDA,33.496.112," R$  1.301,60 ",," R$  12.327,52 ",Seguros
10/25/2022,PG.P/INTERNET - MED CURITIBA,10.002.492,,"-R$  140,00 "," R$  12.187,52 ",Saúde
10/27/2022,CREDITO TED - PAGSEGURO INTERNET LTDA,33.001.800," R$  1.309,13 ",," R$  13.496,65 ",Seguros
10/28/2022,PG.P/INTERNET - VALE TRANSPORTE ESTAGIARIOS,10.001.882,,"-R$  882,94 "," R$  12.613,71 ",Transporte
10/31/2022,PG.P/INTERNET - VR BENEFICIOS E SERV. DE PROC.,10.005.941,,"-R$  1.100,00 "," R$  11.513,71 ",Despesas Diversas
10/31/2022,CREDITO TED - PAGSEGURO INTERNET LTDA,34.478.089," R$  1.242,85 ",," R$  12.756,56 ",Seguros
11/1/2022,CREDITO TED - PIC PAY,33.711.447," R$  211,22 ",," R$  12.967,78 ",Pagamentos e Créditos
11/3/2022,PG.P/INTERNET - VALE TRANSPORTE MARINA,10.005.708,,"-R$  211,94 "," R$  12.755,84 ",Transporte
11/3/2022,PG.P/INTERNET - CONTA DE AGUA,10.005.729,,"-R$  189,21 "," R$  12.566,63 ",Despesas Diversas
11/3/2022,PG.P/INTERNET - Guia de recolhimento,10.006.005,,"-R$  327,00 "," R$  12.239,63 ",Despesas Diversas
11/4/2022,CREDITO TED - PAGSEGURO INTERNET LTDA,34.133.154," R$  369,37 ",," R$  12.609,00 ",Seguros
11/4/2022,PG.P/INTERNET - WHITE MARTINS,10.005.495,,"-R$  30,90 "," R$  12.578,10 ",Despesas Diversas
11/4/2022,PG.P/INTERNET - FGTS,10.005.520,,"-R$  850,68 "," R$  11.727,42 ",Impostos e Taxas
11/7/2022,PG.P/INTERNET - ALUGUEL,10.012.775,,"-R$  4.458,18 "," R$  7.269,24 ",Aluguel
11/8/2022,CREDITO TED - PAGSEGURO INTERNET LTDA,34.213.495," R$  64,32 ",," R$  7.333,56 ",Seguros
11/8/2022,PG.P/INTERNET - CIEE - ESTAGIARIOS,10.004.924,,"-R$  1.115,44 "," R$  6.218,12 ",Educação
11/10/2022,PREST.EMPREST 044/048,5,,"-R$  1.418,47 "," R$  4.799,65 ",Empréstimos
11/10/2022,DB. ALLIANZ  - SEGURO SPIN 4 DE 10,84624000166,,"-R$  184,78 "," R$  4.614,87 ",Seguros
11/14/2022,CREDITO TED - PAGSEGURO INTERNET LTDA,34.484.762," R$  631,85 ",," R$  5.246,72 ",Seguros
11/14/2022,PG.P/INTERNET - CARTAO AMERICAN,10.006.140,,"-R$  1.679,89 "," R$  3.566,83 ",Despesas Diversas
11/14/2022,PG.P/INTERNET - MASTER FILME PARCELA 1 DE 3,10.006.177,,"-R$  514,50 "," R$  3.052,33 ",Empréstimos
11/14/2022,PG.P/INTERNET - PAGTO ENERGIA LJ 3,10.006.668,,"-R$  124,88 "," R$  2.927,45 ",Contas de Consumo
11/14/2022,PG.P/INTERNET - PAGTO ENERGIA LJ 4,10.006.703,,"-R$  83,23 "," R$  2.844,22 ",Contas de Consumo
11/14/2022,PG.P/INTERNET - PAGTO ENERGIA LJ 6,10.006.714,,"-R$  411,97 "," R$  2.432,25 ",Contas de Consumo
11/16/2022,DB. COTAS,19.911,,"-R$  66,48 "," R$  2.365,77 ",Despesas Diversas
11/17/2022,CREDITO TED - PAGSEGURO INTERNET LTDA,34.085.140," R$  996,71 ",," R$  3.362,48 ",Seguros
11/18/2022,CREDITO TED - PAGSEGURO INTERNET LTDA,34.089.656," R$  645,81 ",," R$  4.008,29 ",Seguros
11/21/2022,DB. ALLIANZ - SEGURO MOTO 8 DE 10,84624000166,,"-R$  157,91 "," R$  3.850,38 ",Seguros
11/21/2022,PG.P/INTERNET - SPRINGER CARRIER,10.007.649,,"-R$  41,35 "," R$  3.809,03 ",Equipamentos
11/22/2022,CREDITO TED - PAGSEGURO INTERNET LTDA,33.005.125," R$  710,32 ",," R$  4.519,35 ",Seguros
11/22/2022,PG.P/INTERNET - SPRINGER CARRIER,10.001.634,,"-R$  424,23 "," R$  4.095,12 ",Equipamentos
11/22/2022,PG.P/INTERNET - SPRINGER CARRIER,10.001.656,,"-R$  93,01 "," R$  4.002,11 ",Equipamentos
11/23/2022,CREDITO TED - PAGSEGURO INTERNET LTDA,34.153.165," R$  821,10 ",," R$  4.823,21 ",Seguros
12/5/2022,CREDITO TED - PAGSEGURO INTERNET LTDA,34.472.255," R$  946,92 ",," R$  5.770,13 ",Seguros
12/5/2022,PG.P/INTERNET - CONTA DE AGUA,10.008.541,,"-R$  189,21 "," R$  5.580,92 ",Despesas Diversas
12/8/2022,CREDITO TED - PAGSEGURO INTERNET LTDA,33.010.172," R$  1.089,98 ",," R$  6.670,90 ",Seguros
12/8/2022,PG.P/INTERNET - ALUGUEL,10.002.118,,"-R$  4.078,93 "," R$  2.591,97 ",Aluguel
12/8/2022,PG.P/INTERNET - SPRINGER CARRIER,10.002.176,,"-R$  280,97 "," R$  2.311,00 ",Equipamentos
12/8/2022,PG.P/INTERNET - MASTER FILME C EMBALAGENS LTDA,10.002.145,,"-R$  514,50 "," R$  1.796,50 ",Equipamentos
12/9/2022,CREDITO TED - PAGSEGURO INTERNET LTDA,33.900.729," R$  1.349,74 ",," R$  3.146,24 ",Seguros
12/9/2022,PG.P/INTERNET - WHITE MARTINS,10.003.799,,"-R$  30,90 "," R$  3.115,34 ",Despesas Diversas
12/12/2022,PREST.EMPREST 045/048,6,,"-R$  1.418,47 "," R$  1.696,87 ",Empréstimos
12/12/2022,DB. ALLIANZ  - SEGURO SPIN 5 DE 10,84624000166,,"-R$  184,78 "," R$  1.512,09 ",Seguros
12/14/2022,CREDITO TED - PAGSEGURO INTERNET LTDA,33.694.192," R$  1.269,64 ",," R$  2.781,73 ",Seguros
12/14/2022,PG.P/INTERNET - CARTAO AMERICAN,10.005.192,,"-R$  2.555,40 "," R$  226,33 ",Despesas Diversas
12/15/2022,DB. COTAS,19.911,,"-R$  66,48 "," R$  159,85 ",Despesas Diversas
12/15/2022,CREDITO TED - PAGSEGURO INTERNET LTDA,34.227.763," R$  164,22 ",," R$  324,07 ",Seguros
12/19/2022,CREDITO TED - PAGSEGURO INTERNET LTDA,34.554.177," R$  383,85 ",," R$  707,92 ",Seguros
12/20/2022,DB. ALLIANZ - SEGURO MOTO 9 DE 10,84624000166,,"-R$  157,91 "," R$  550,01 ",Seguros
12/20/2022,PG.P/INTERNET - SPRINGER CARRIER,10.012.108,,"-R$  424,23 "," R$  125,78 ",Equipamentos
12/21/2022,CREDITO TED - PAGSEGURO INTERNET LTDA,33.019.447," R$  309,91 ",," R$  435,69 ",Seguros
12/22/2022,CREDITO TED - PIC PAY,33.695.724," R$  412,84 ",," R$  848,53 ",Pagamentos e Créditos
12/22/2022,PG.P/INTERNET - MED CURITIBA,10.004.271,,"-R$  383,00 "," R$  465,53 ",Saúde
4-jan.,CREDITO TED - PAGSEGURO INTERNET LTDA,33.980.074," R$  569,94 ",," R$  1.035,47 ",Seguros
5-jan.,PG.P/INTERNET - CONTA DE AGUA,10.003.309,,"-R$  170,01 "," R$  865,46 ",Despesas Diversas
6-jan.,CREDITO TED - PAGSEGURO INTERNET LTDA,34.321.522," R$  194,72 ",," R$  1.060,18 ",Seguros
9-jan.,CR.APL.RDCPOS - RESGATE DE APLICAÇÕES,227," R$  7.000,00 ",," R$  8.060,18 ",Despesas Diversas
9-jan.,PG.P/INTERNET - ALUGUEL,10.006.500,,"-R$  4.078,93 "," R$  3.981,25 ",Aluguel
9-jan.,PG.P/INTERNET - PAGTO ESTAGIARIOS,10.006.539,,"-R$  1.820,76 "," R$  2.160,49 ",Despesas Diversas
10-jan.,PREST.EMPREST 046/048,6,,"-R$  1.418,47 "," R$  742,02 ",Empréstimos
10-jan.,DB. ALLIANZ - SEGURO SPIN 6 DE 10,84624000166,,"-R$  184,78 "," R$  557,24 ",Seguros
10-jan.,CREDITO TED - PAGSEGURO INTERNET LTDA,34.031.830," R$  212,52 ",," R$  769,76 ",Seguros
12-jan.,CREDITO TED - PAGSEGURO INTERNET LTDA,33.966.049," R$  671,00 ",," R$  1.440,76 ",Seguros
13-jan.,PG.P/INTERNET - ENERGIA LJ 6,10.002.362,,"-R$  350,98 "," R$  1.089,78 ",Contas de Consumo
13-jan.,PG.P/INTERNET - ENERGIA LJ 3,10.002.348,,"-R$  119,90 "," R$  969,88 ",Contas de Consumo
13-jan.,PG.P/INTERNET - ENERGIA LJ 4,10.002.358,,"-R$  80,19 "," R$  889,69 ",Contas de Consumo
13-jan.,CREDITO TED - PAGSEGURO INTERNET LTDA,34.131.501," R$  235,35 ",," R$  1.125,04 ",Seguros
16-jan.,DB. COTAS,19.911,,"-R$  66,48 "," R$  1.058,56 ",Despesas Diversas
19-jan.,CREDITO TED - PAGSEGURO INTERNET LTDA,34.267.160," R$  163,94 ",," R$  1.222,50 ",Seguros
20-jan.,DB. ALLIANZ - SEGURO MOTO 10 DE 10,84624000166,,"-R$  158,03 "," R$  1.064,47 ",Seguros
20-jan.,CREDITO TED - PAGSEGURO INTERNET LTDA,33.861.240," R$  750,84 ",," R$  1.815,31 ",Seguros
20-jan.,PG.P/INTERNET - WHITE MARTINS,10.006.944,,"-R$  39,76 "," R$  1.775,55 ",Despesas Diversas
25-jan.,CREDITO TED - PAGSEGURO INTERNET LTDA,33.675.640," R$  452,50 ",," R$  2.228,05 ",Seguros
25-jan.,PG.P/INTERNET - MED CURITIBA,10.002.272,,"-R$  200,00 "," R$  2.028,05 ",Saúde
25-jan.,PG.P/INTERNET - Ligga telecon,10.002.316,,"-R$  149,90 "," R$  1.878,15 ",Despesas Diversas
25-jan.,PG.P/INTERNET - WHITE MARTINS,10.002.293,,"-R$  214,49 "," R$  1.663,66 ",Despesas Diversas
25-jan.,PG.P/INTERNET - NET FONE,10.002.303,,"-R$  123,60 "," R$  1.540,06 ",Contas de Consumo
25-jan.,PG.P/INTERNET - CELULAR,10.002.325,,"-R$  57,61 "," R$  1.482,45 ",Contas de Consumo
31-jan.,PG.P/INTERNET - VR BENEFICIOS E SERV. DE PROC.,10.002.809,,"-R$  1.050,00 "," R$  432,45 ",Despesas Diversas
1-fev.,CREDITO TED - PAGSEGURO INTERNET LTDA,34.148.926," R$  93,06 ",," R$  525,51 ",Seguros
3-fev.,PG.P/INTERNET - Guia de recolhimento,10.003.774,,"-R$  85,37 "," R$  440,14 ",Despesas Diversas
3-fev.,PG.P/INTERNET - Guia de recolhimento,10.003.799,,"-R$  32,25 "," R$  407,89 ",Despesas Diversas
3-fev.,PG.P/INTERNET - Guia de recolhimento,10.003.902,,"-R$  75,29 "," R$  332,60 ",Despesas Diversas
3-fev.,PG.P/INTERNET - Guia de recolhimento,10.003.941,,"-R$  71,89 "," R$  260,71 ",Despesas Diversas
3-fev.,CREDITO TED - PAGSEGURO INTERNET LTDA,34.140.130," R$  197,00 ",," R$  457,71 ",Seguros
6-fev.,CREDITO TED - PAGSEGURO INTERNET LTDA,34.588.410," R$  135,24 ",," R$  592,95 ",Seguros
10-fev.,PREST.EMPREST 047/048,6,,"-R$  592,95 ",,Empréstimos
10-fev.,CREDITO TED - PAGSEGURO INTERNET LTDA,34.047.929," R$  144,90 ",," R$  144,90 ",Seguros
10-fev.,PREST.EMPREST 047/048,11,,"-R$  144,90 ",,Empréstimos
10-fev.,CREDITO TED - PAGSEGURO INTERNET LTDA,34.075.770," R$  1.068,79 ",," R$  1.068,79 ",Seguros
10-fev.,PREST.EMPREST 047/048,13,,"-R$  680,62 "," R$  388,17 ",Empréstimos
10-fev.,DB. ALLIANZ -SEGURO SPIN 7 DE 10,84624000166,,"-R$  184,78 "," R$  203,39 ",Seguros
13-fev.,CREDITO TED - PAGSEGURO INTERNET LTDA,33.037.324," R$  858,36 ",," R$  1.061,75 ",Seguros
15-fev.,DB. COTAS,19.911,,"-R$  66,48 "," R$  995,27 ",Despesas Diversas
15-fev.,CREDITO TED - PAGSEGURO INTERNET LTDA,34.385.159," R$  488,58 ",," R$  1.483,85 ",Seguros
16-fev.,PG.P/INTERNET - REFRIGERACAO DUFRIO COMERCIO E,10.003.116,,"-R$  428,93 "," R$  1.054,92 ",Despesas Diversas
16-fev.,PG.P/INTERNET - ENERGIA LJ 3,10.003.130,,"-R$  88,16 "," R$  966,76 ",Contas de Consumo
16-fev.,PG.P/INTERNET - ENERGIA LJ 6,10.003.139,,"-R$  278,38 "," R$  688,38 ",Contas de Consumo
16-fev.,PG.P/INTERNET - ENERGIA LJ 4,10.003.135,,"-R$  21,85 "," R$  666,53 ",Contas de Consumo
17-fev.,PG.P/INTERNET - DARF REFERENTE ALUGUEL,10.005.384,,"-R$  84,58 "," R$  581,95 ",Aluguel
17-fev.,PG.P/INTERNET - VR BENEFICIOS E SERV. DE PROC.,10.005.441,,"-R$  300,00 "," R$  281,95 ",Despesas Diversas
23-fev.,CREDITO TED - PAGSEGURO INTERNET LTDA,34.015.265," R$  1.018,13 ",," R$  1.300,08 ",Seguros
23-fev.,PG.P/INTERNET - SPRINGER CARRIER,10.003.155,,"-R$  22,82 "," R$  1.277,26 ",Equipamentos
23-fev.,PG.P/INTERNET - SPRINGER CARRIER,10.003.180,,"-R$  556,85 "," R$  720,41 ",Equipamentos
23-fev.,PG.P/INTERNET - SPRINGER CARRIER,10.003.283,,"-R$  58,66 "," R$  661,75 ",Equipamentos
27-fev.,CREDITO TED - PAGSEGURO INTERNET LTDA,34.259.265," R$  3.940,00 ",," R$  4.601,75 ",Seguros
27-fev.,PG.P/INTERNET - VT ESTAGIARIO MATEUS,10.004.798,,"-R$  255,94 "," R$  4.345,81 ",Transporte
27-fev.,PG.P/INTERNET - Ligga telecon,10.004.836,,"-R$  149,90 "," R$  4.195,91 ",Despesas Diversas
27-fev.,PG.P/INTERNET - NET FONE,10.004.852,,"-R$  123,60 "," R$  4.072,31 ",Contas de Consumo
27-fev.,PG.P/INTERNET - CELULAR,10.004.904,,"-R$  57,61 "," R$  4.014,70 ",Contas de Consumo
27-fev.,PG.P/INTERNET - MED CURITIBA,10.004.928,,"-R$  517,00 "," R$  3.497,70 ",Saúde
27-fev.,PG.P/INTERNET - TAXA DE CORPO DE BOMBEIROS,10.004.945,,"-R$  113,19 "," R$  3.384,51 ",Impostos e Taxas
27-fev.,DEBITO PIX - VT - Matheus Laurentino da Rosa,207.234.063,,"-R$  253,00 "," R$  3.131,51 ",Transporte
27-fev.,PIX TRANSF PAGADOR,207.234.063,,"-R$  0,76 "," R$  3.130,75 ",Despesas Diversas
28-fev.,PG.P/INTERNET - VR BENEFICIOS E SERV. DE PROC.,10.002.476,,"-R$  1.410,00 "," R$  1.720,75 ",Despesas Diversas
3-mar.,PG.P/INTERNET - REFRIGERACAO DUFRIO COMERCIO E,10.002.462,,"-R$  307,72 "," R$  1.413,03 ",Despesas Diversas
3-mar.,PG.P/INTERNET - CONTA DE AGUA,10.002.572,,"-R$  166,15 "," R$  1.246,88 ",Despesas Diversas
3-mar.,PG.P/INTERNET - Guia de recolhimento,10.002.641,,"-R$  215,15 "," R$  1.031,73 ",Despesas Diversas
7-mar.,PG.P/INTERNET - FGTS,10.003.451,,"-R$  1.010,28 "," R$  21,45 ",Impostos e Taxas
8-mar.,CREDITO TED - PAGSEGURO INTERNET LTDA,33.894.288," R$  945,92 ",," R$  967,37 ",Seguros
8-mar.,CR.APL.RDCPOS - RESGATE DE APLICAÇÕES,89," R$  6.000,00 ",," R$  6.967,37 ",Despesas Diversas
8-mar.,PG.P/INTERNET - ALUGUEL,10.003.671,,"-R$  4.078,93 "," R$  2.888,44 ",Aluguel
8-mar.,PG.P/INTERNET - PAGTO ESTAGIARIOS,10.003.694,,"-R$  1.500,57 "," R$  1.387,87 ",Despesas Diversas
9-mar.,CREDITO PIX - ECEELTEC ELETROELETRONICA INFORMAT,212.280.440," R$  300,00 ",," R$  1.687,87 ",Pagamentos e Créditos
10-mar.,PREST.EMPREST 048/048,7,,"-R$  1.418,47 "," R$  269,40 ",Empréstimos
10-mar.,DB. ALLIANZ -SEGURO SPIN 8 DE 10,84624000166,,"-R$  184,78 "," R$  84,62 ",Seguros
14-mar.,CREDITO TED - PAGSEGURO INTERNET LTDA,34.018.420," R$  177,30 ",," R$  261,92 ",Seguros
15-mar.,DB. COTAS,19.911,,"-R$  66,48 "," R$  195,44 ",Despesas Diversas
15-mar.,CREDITO TED - PAGSEGURO INTERNET LTDA,34.158.915," R$  2.427,58 ",," R$  2.623,02 ",Seguros
20-mar.,CREDITO TED - PAGSEGURO INTERNET LTDA,34.062.891," R$  3.135,42 ",," R$  5.758,44 ",Seguros
20-mar.,PG.P/INTERNET - DAS,10.006.084,,"-R$  2.072,11 "," R$  3.686,33 ",Despesas Diversas
20-mar.,PG.P/INTERNET - DARF,10.006.146,,"-R$  1.352,03 "," R$  2.334,30 ",Impostos e Taxas
20-mar.,PG.P/INTERNET - DARF REF ALUGUEL,10.006.183,,"-R$  84,58 "," R$  2.249,72 ",Aluguel
22-mar.,CREDITO TED - PAGSEGURO INTERNET LTDA,33.021.544,"1.748,57",,"3.998,29",Seguros
27-mar.,PG.P/INTERNET - NET FONE,10.002.535,,"-R$  123,60 "," R$  3.874,69 ",Contas de Consumo
27-mar.,PG.P/INTERNET - CELULAR,10.002.566,,"-R$  57,61 "," R$  3.817,08 ",Contas de Consumo
27-mar.,PG.P/INTERNET - Ligga telecon,10.002.606,,"-R$  149,90 "," R$  3.667,18 ",Despesas Diversas
27-mar.,PG.P/INTERNET - SPRINGER CARRIER,10.002.623,,"-R$  22,81 "," R$  3.644,37 ",Equipamentos
27-mar.,PG.P/INTERNET - SPRINGER CARRIER,10.002.651,,"-R$  556,85 "," R$  3.087,52 ",Equipamentos
27-mar.,PG.P/INTERNET - MED CURITIBA,10.002.666,,"-R$  205,45 "," R$  2.882,07 ",Saúde
27-mar.,PG.P/INTERNET - EMBALATEC IND EMBALAGENS LTDA,10.002.701,,"-R$  1.345,97 "," R$  1.536,10 ",Equipamentos
27-mar.,PG.P/INTERNET - MASTER FILME C EMBALAGENS LTDA,10.002.726,,"-R$  850,10 "," R$  686,00 ",Equipamentos
29-mar.,CREDITO TED - PAGSEGURO INTERNET LTDA,33.811.964," R$  88,65 ",," R$  774,65 ",Seguros
29-mar.,PG.P/INTERNET - SPRINGER CARRIER,10.002.221,,"-R$  654,26 "," R$  120,39 ",Equipamentos
30-mar.,CREDITO TED - PAGSEGURO INTERNET LTDA,33.946.036," R$  860,71 ",," R$  981,10 ",Seguros
30-mar.,PG.P/INTERNET - VR BENEFICIOS E SERV. DE PROC.,10.003.534,,"-R$  900,00 "," R$  81,10 ",Despesas Diversas
31-mar.,CREDITO TED - PAGSEGURO INTERNET LTDA,34.129.883," R$  623,65 ",," R$  704,75 ",Seguros
31-mar.,PG.P/INTERNET - SPRINGER CARRIER,10.004.680,,"-R$  452,13 "," R$  252,62 ",Equipamentos
4-abr.,CREDITO TED - PAGSEGURO INTERNET LTDA,33.899.696," R$  1.583,66 ",," R$  1.836,28 ",Seguros
5-abr.,CREDITO TED - PAGSEGURO INTERNET LTDA,34.180.730," R$  115,92 ",," R$  1.952,20 ",Seguros
5-abr.,PG.P/INTERNET - CONTA DE AGUA,10.005.926,,"-R$  170,01 "," R$  1.782,19 ",Despesas Diversas
5-abr.,PG.P/INTERNET - WHITE MARTINS,10.006.114,,"-R$  39,76 "," R$  1.742,43 ",Despesas Diversas
6-abr.,CREDITO TED - PAGSEGURO INTERNET LTDA,34.144.905," R$  1.254,02 ",," R$  2.996,45 ",Seguros
6-abr.,PG.P/INTERNET - CIEE - PR,10.006.870,,"-R$  2.380,95 "," R$  615,50 ",Educação
10-abr.,DB. ALLIANZ -SEGURO SPIN 9 DE 10,84624000166,,"-R$  184,78 "," R$  430,72 ",Seguros
13-abr.,CREDITO TED - PAGSEGURO INTERNET LTDA,33.020.007," R$  1.621,16 ",," R$  2.051,88 ",Seguros
14-abr.,CREDITO TED - PAGSEGURO INTERNET LTDA,33.929.539," R$  761,35 ",," R$  2.813,23 ",Seguros
17-abr.,DB. COTAS,19.911,,"-R$  66,48 "," R$  2.746,75 ",Despesas Diversas
17-abr.,CREDITO TED - PAGSEGURO INTERNET LTDA,34.345.619," R$  343,65 ",," R$  3.090,40 ",Seguros
18-abr.,DB. ALLIANZ -SEGURO MOTO 1 DE 10,84624000166,,"-R$  146,46 "," R$  2.943,94 ",Seguros
20-abr.,CREDITO TED - PAGSEGURO INTERNET LTDA,34.175.294," R$  1.180,37 ",," R$  4.124,31 ",Seguros
25-abr.,CREDITO TED - PAGSEGURO INTERNET LTDA,33.949.804," R$  2.318,53 ",," R$  6.442,84 ",Seguros
4-mai.,CREDITO TED - PAGSEGURO INTERNET LTDA,33.877.425," R$  108,35 ",," R$  6.551,19 ",Seguros
4-mai.,PG.P/INTERNET - CONTA DE AGUA,10.003.686,,"-R$  246,82 "," R$  6.304,37 ",Despesas Diversas
4-mai.,PG.P/INTERNET - WHITE MARTINS,10.003.706,,"-R$  150,34 "," R$  6.154,03 ",Despesas Diversas
4-mai.,PG.P/INTERNET - SPRINGER CARRIER,10.003.719,,"-R$  452,12 "," R$  5.701,91 ",Equipamentos
4-mai.,PG.P/INTERNET - SPRINGER CARRIER,10.003.738,,"-R$  673,13 "," R$  5.028,78 ",Equipamentos
8-mai.,CREDITO TED - PAGSEGURO INTERNET LTDA,34.055.858,"1.058,52",," R$  6.087,30 ",Seguros
10-mai.,DB. ALLIANZ -SEGURO SPIN 10 DE 10,84624000166,,"-184,89"," R$  5.902,41 ",Seguros
11-mai.,CREDITO TED - PAGSEGURO INTERNET LTDA,33.876.217," R$  1.727,33 ",," R$  7.629,74 ",Seguros
12-mai.,CREDITO TED - PAGSEGURO INTERNET LTDA,33.830.885," R$  1.376,55 ",," R$  9.006,29 ",Seguros
12-mai.,PG.P/INTERNET - ENERGIA LJ 3,10.003.146,,"-R$  159,77 "," R$  8.846,52 ",Contas de Consumo
12-mai.,PG.P/INTERNET - ENERGIA LJ 6,10.003.188,,"-R$  389,87 "," R$  8.456,65 ",Contas de Consumo
12-mai.,PG.P/INTERNET - ENERGIA LJ 4,10.003.169,,"-R$  48,71 "," R$  8.407,94 ",Contas de Consumo
15-mai.,DB. COTAS,19.911,,"-R$  66,48 "," R$  8.341,46 ",Despesas Diversas
16-mai.,CREDITO TED - PAGSEGURO INTERNET LTDA,35.181.214," R$  1.293,24 ",," R$  9.634,70 ",Seguros
19-mai.,CREDITO TED - PAGSEGURO INTERNET LTDA,33.577.502," R$  2.145,57 ",," R$  11.780,27 ",Seguros
19-mai.,PG.P/INTERNET - DAS,10.003.080,,"-R$  2.569,17 "," R$  9.211,10 ",Despesas Diversas
22-mai.,DB. ALLIANZ -SEGURO MOTO 2 DE 10,84624000166,,"-R$  146,46 "," R$  9.064,64 ",Seguros
23-mai.,PG.P/INTERNET - MED CURITIBA,10.001.808,,"-R$  134,54 "," R$  8.930,10 ",Saúde
23-mai.,PG.P/INTERNET - NET FONE,10.001.814,,"-R$  123,60 "," R$  8.806,50 ",Contas de Consumo
23-mai.,PG.P/INTERNET - CELULAR,10.001.819,,"-R$  57,61 "," R$  8.748,89 ",Contas de Consumo
23-mai.,PG.P/INTERNET - Ligga telecon,10.001.823,,"-R$  149,90 "," R$  8.598,99 ",Despesas Diversas
23-mai.,CREDITO TED - PAGSEGURO INTERNET LTDA,33.862.781," R$  557,73 ",," R$  9.156,72 ",Seguros
26-mai.,CREDITO TED - PAGSEGURO INTERNET LTDA,33.478.362," R$  1.605,87 ",," R$  10.762,59 ",Seguros
26-mai.,PG.P/INTERNET - SPRINGER CARRIER,10.001.448,,"-R$  492,35 "," R$  10.270,24 ",Equipamentos
26-mai.,PG.P/INTERNET - SPRINGER CARRIER,10.001.464,,"-R$  654,26 "," R$  9.615,98 ",Equipamentos
26-mai.,PG.P/INTERNET - MASTER FILME C EMBALAGENS LTDA,10.001.504,,"-R$  850,09 "," R$  8.765,89 ",Equipamentos
26-mai.,PG.P/INTERNET - CONSELHO REGIONAL DOS TECNICOS - 1/6 PARC.,10.001.526,,"-R$  193,14 "," R$  8.572,75 ",Despesas Diversas
2-jun.,CREDITO TED - PAGSEGURO INTERNET LTDA,34.550.764," R$  3.548,42 ",," R$  12.121,17 ",Seguros
5-jun.,CREDITO TED - PAGSEGURO INTERNET LTDA,34.800.101," R$  615,31 ",," R$  12.736,48 ",Seguros
7-jun.,CREDITO TED - PAGSEGURO INTERNET LTDA,34.406.489," R$  487,83 ",," R$  13.224,31 ",Seguros
9-jun.,PG.P/INTERNET - WHITE MARTINS,10.007.212,,"-R$  39,76 "," R$  13.184,55 ",Despesas Diversas
14-jun.,CREDITO TED - PAGSEGURO INTERNET LTDA,34.209.001," R$  1.020,14 ",," R$  14.204,69 ",Seguros
15-jun.,DB. COTAS,19.911,,"-R$  66,48 "," R$  14.138,21 ",Despesas Diversas
20-jun.,DB. ALLIANZ -SEGURO MOTO 3 DE 10,84624000166,,"-R$  146,46 "," R$  13.991,75 ",Seguros
21-jun.,CREDITO TED - PAGSEGURO INTERNET LTDA,34.076.224," R$  991,76 ",," R$  14.983,51 ",Seguros
23-jun.,CREDITO TED - PAGSEGURO INTERNET LTDA,33.864.047," R$  1.239,86 ",," R$  16.223,37 ",Seguros
29-jun.,CREDITO TED - PAGSEGURO INTERNET LTDA,33.556.367," R$  518,99 ",," R$  16.742,36 ",Seguros
7-jul.,CREDITO TED - PAGSEGURO INTERNET LTDA,34.018.653," R$  1.102,12 ",," R$  17.844,48 ",Seguros
11-jul.,CREDITO TED - PAGSEGURO INTERNET LTDA,34.113.765," R$  598,92 ",," R$  18.443,40 ",Seguros
14-jul.,CREDITO TED - PAGSEGURO INTERNET LTDA,33.715.582," R$  2.175,49 ",," R$  20.618,89 ",Seguros
17-jul.,DB. COTAS,19.911,,"-R$  66,48 "," R$  20.552,41 ",Despesas Diversas
20-jul.,DB. ALLIANZ - SEGURO MOTO 4 DE 10,84624000166,,"-R$  146,46 "," R$  20.405,95 ",Seguros
21-jul.,CREDITO TED - PAGSEGURO INTERNET LTDA,34.216.176," R$  1.620,67 ",," R$  22.026,62 ",Seguros
26-jul.,CREDITO TED - PAGSEGURO INTERNET LTDA,33.010.389," R$  2.883,52 ",," R$  24.910,14 ",Seguros
27-jul.,PG.P/INTERNET - VALE TRANSPORTE CINTHYA,10.002.109,,"-R$  278,94 "," R$  24.631,20 ",Transporte
27-jul.,PG.P/INTERNET - CONSELHO REGIONAL DOS TECNICOS -3/6 PARCELAS,10.002.163,,"-R$  193,14 "," R$  24.438,06 ",Empréstimos
28-jul.,CREDITO TED - PAGSEGURO INTERNET LTDA,34.327.046," R$  1.178,32 ",," R$  25.616,38 ",Seguros
31-jul.,PIX TRANSF PAGADOR,273.443.599,,"-R$  4,99 "," R$  25.611,39 ",Despesas Diversas
31-jul.,DEBITO PIX - Elisabete Seolin Galindo - DIVISÃO DE LUCRO,273.443.599,,"-R$  10.000,00 "," R$  15.611,39 ",Despesas Diversas
31-jul.,PIX TRANSF PAGADOR,273.621.972,,"-R$  4,99 "," R$  15.606,40 ",Despesas Diversas
31-jul.,DEBITO PIX - Claudio Vinicius Galindo - DIVISÃO DE LUCRO,273.621.972,,"-R$  10.000,00 "," R$  5.606,40 ",Despesas Diversas
4-ago.,CREDITO TED - PAGSEGURO INTERNET LTDA,33.012.105," R$  3.081,69 ",," R$  8.688,09 ",Seguros
7-ago.,CREDITO TED - PAGSEGURO INTERNET LTDA,34.910.121," R$  1.332,24 ",," R$  10.020,33 ",Seguros
7-ago.,PG.P/INTERNET - SPRINGER CARRIER,10.010.303,,"-R$  284,00 "," R$  9.736,33 ",Equipamentos
7-ago.,PG.P/INTERNET - CIEE - PR,10.010.353,,"-R$  1.230,69 "," R$  8.505,64 ",Educação
7-ago.,PG.P/INTERNET - VT - BRENDA,10.010.386,,"-R$  231,03 "," R$  8.274,61 ",Transporte
7-ago.,PG.P/INTERNET - WHITE MARTINS,10.010.470,,"-R$  39,76 "," R$  8.234,85 ",Despesas Diversas
11-ago.,CREDITO TED - PAGSEGURO INTERNET LTDA,34.241.320," R$  1.008,85 ",," R$  9.243,70 ",Seguros
11-ago.,PG.P/INTERNET - VR BENEFICIOS - BRENDA E LUIZ,10.003.477,,"-R$  474,00 "," R$  8.769,70 ",Despesas Diversas
15-ago.,DB. COTAS,19.911,,"-R$  66,48 "," R$  8.703,22 ",Despesas Diversas
15-ago.,DB. ALLIANZ - SEGURO SPIN 1 DE 10,84624000166,,"-R$  184,61 "," R$  8.518,61 ",Seguros
15-ago.,PG.P/INTERNET - PAGTO CARTAO AMERICAN,10.005.184,,"-R$  2.135,39 "," R$  6.383,22 ",Despesas Diversas
15-ago.,PG.P/INTERNET - PAGTO ENERGIA LJ 3,10.005.232,,"-R$  150,85 "," R$  6.232,37 ",Contas de Consumo
15-ago.,PG.P/INTERNET - PAGTO ENERGIA LJ 4,10.005.259,,"-R$  56,59 "," R$  6.175,78 ",Contas de Consumo
15-ago.,PG.P/INTERNET - PAGTO ENERGIA LJ 6,10.005.275,,"-R$  453,45 "," R$  5.722,33 ",Contas de Consumo
15-ago.,PG.P/INTERNET - SPRINGER CARRIER,10.005.329,,"-R$  712,29 "," R$  5.010,04 ",Equipamentos
15-ago.,PG.P/INTERNET - DARF-GPS,10.005.418,,"-R$  1.170,72 "," R$  3.839,32 ",Impostos e Taxas
15-ago.,CREDITO TED - PAGSEGURO INTERNET LTDA,34.818.418," R$  3.244,30 ",," R$  7.083,62 ",Seguros
18-ago.,CREDITO TED - PAGSEGURO INTERNET LTDA,33.978.541," R$  1.206,62 ",," R$  8.290,24 ",Seguros
18-ago.,PG.P/INTERNET - SPRINGER CARRIER,10.004.043,,"-R$  306,28 "," R$  7.983,96 ",Equipamentos
18-ago.,PG.P/INTERNET - WAP -FRESNOMAQ IND DE MAQ SA,10.004.075,,"-R$  173,18 "," R$  7.810,78 ",Despesas Diversas
18-ago.,PG.P/INTERNET - REFRIGERACAO DUFRIO COMERCIO E,10.004.101,,"-R$  364,16 "," R$  7.446,62 ",Despesas Diversas
21-ago.,DB. ALLIANZ - SEGURO MOTO 5 DE 10,84624000166,,"-R$  146,46 "," R$  7.300,16 ",Seguros
22-ago.,PG.P/INTERNET - SPRINGER CARRIER,10.001.382,,"-R$  395,11 "," R$  6.905,05 ",Equipamentos
22-ago.,PG.P/INTERNET - CELULAR,10.001.404,,"-R$  64,54 "," R$  6.840,51 ",Contas de Consumo
22-ago.,PG.P/INTERNET - LIGGA TELECOM,10.001.414,,"-R$  149,90 "," R$  6.690,61 ",Despesas Diversas
22-ago.,PG.P/INTERNET - NET FONE,10.001.432,,"-R$  136,00 "," R$  6.554,61 ",Contas de Consumo
23-ago.,CREDITO TED - PAGSEGURO INTERNET LTDA,34.099.600," R$  2.795,62 ",," R$  9.350,23 ",Seguros
25-ago.,PG.P/INTERNET - MED CURITIBA,10.003.559,,"-R$  411,24 "," R$  8.938,99 ",Saúde
29-ago.,CREDITO TED - PAGSEGURO INTERNET LTDA,34.075.376," R$  1.633,88 ",," R$  10.572,87 ",Seguros
29-ago.,PG.P/INTERNET - VT - BRENDA E CINTHYA,10.002.367,,"-R$  459,03 "," R$  10.113,84 ",Transporte
31-ago.,PG.P/INTERNET - CONSELHO REGIONAL DOS TECNICOS -4/6 PARCELAS,10.003.805,,"-R$  193,14 "," R$  9.920,70 ",Empréstimos
31-ago.,PG.P/INTERNET - VR BENEFICIOS E SERV. DE PROC.,10.003.821,,"-R$  1.400,00 "," R$  8.520,70 ",Despesas Diversas
4-set.,CREDITO TED - PAGSEGURO INTERNET LTDA,33.860.586," R$  1.162,67 ",," R$  9.683,37 ",Seguros
4-set.,PG.P/INTERNET - CONTA DE AGUA,10.003.986,,"-R$  204,88 "," R$  9.478,49 ",Despesas Diversas
4-set.,PG.P/INTERNET - PACKPAR EMBALAGENS EIRELI,10.004.000,,"-R$  395,28 "," R$  9.083,21 ",Equipamentos
6-set.,CREDITO TED - PAGSEGURO INTERNET LTDA,33.894.772," R$  1.492,96 ",," R$  10.576,17 ",Seguros
6-set.,PG.P/INTERNET - ALUGUEL,10.006.897,,"-R$  4.707,97 "," R$  5.868,20 ",Aluguel
6-set.,PG.P/INTERNET - WHITE MARTINS,10.007.053,,"-R$  39,76 "," R$  5.828,44 ",Despesas Diversas
11-set.,DB. ALLIANZ - SEGURO SPIN 2 DE 10,84624000166,,"-R$  184,61 "," R$  5.643,83 ",Seguros
14-set.,CREDITO TED - PAGSEGURO INTERNET LTDA,34.121.209," R$  827,77 ",," R$  6.471,60 ",Seguros
14-set.,PG.P/INTERNET - CARTAO AMERICAN,10.003.235,,"-R$  1.901,57 "," R$  4.570,03 ",Despesas Diversas
14-set.,PG.P/INTERNET - ENERGIA LJ 3,10.003.261,,"-R$  145,04 "," R$  4.424,99 ",Contas de Consumo
14-set.,PG.P/INTERNET - ENERGIA LJ 4,10.003.277,,"-R$  57,88 "," R$  4.367,11 ",Contas de Consumo
14-set.,PG.P/INTERNET - ENERGIA LJ 6,10.003.299,,"-R$  384,16 "," R$  3.982,95 ",Contas de Consumo
14-set.,PG.P/INTERNET - SPRINGER CARRIER,10.003.319,,"-R$  712,27 "," R$  3.270,68 ",Equipamentos
15-set.,DB. COTAS,19.911,,"-R$  69,50 "," R$  3.201,18 ",Despesas Diversas
15-set.,CREDITO TED - PAGSEGURO INTERNET LTDA,34.336.356," R$  1.215,37 ",," R$  4.416,55 ",Seguros
20-set.,CREDITO TED - PAGSEGURO INTERNET LTDA,33.777.096," R$  860,84 ",," R$  5.277,39 ",Seguros
20-set.,PG.P/INTERNET - SPRINGER CARRIER,10.004.018,,"-R$  306,28 "," R$  4.971,11 ",Equipamentos
22-set.,CREDITO TED - PAGSEGURO INTERNET LTDA,34.230.246," R$  3.464,48 ",," R$  8.435,59 ",Seguros
25-set.,PG.P/INTERNET - NET FONE,10.003.734,,"-R$  136,00 "," R$  8.299,59 ",Contas de Consumo
25-set.,PG.P/INTERNET - CELULAR,10.003.747,,"-R$  64,54 "," R$  8.235,05 ",Contas de Consumo
25-set.,PG.P/INTERNET - LIGGA TELECOM,10.003.751,,"-R$  149,90 "," R$  8.085,15 ",Despesas Diversas
25-set.,PG.P/INTERNET - SPRINGER CARRIER,10.003.795,,"-R$  395,10 "," R$  7.690,05 ",Equipamentos
26-set.,CREDITO TED - PAGSEGURO INTERNET LTDA,34.040.819," R$  593,45 ",," R$  8.283,50 ",Seguros
27-set.,CREDITO TED - PAGSEGURO INTERNET LTDA,33.984.873," R$  260,82 ",," R$  8.544,32 ",Seguros
28-set.,CREDITO TED - PAGSEGURO INTERNET LTDA,34.239.646," R$  1.000,28 ",," R$  9.544,60 ",Seguros
2-out.,CREDITO TED - PAGSEGURO INTERNET LTDA,34.830.699," R$  883,81 ",," R$  10.428,41 ",Seguros
4-out.,PG.P/INTERNET - CONTA DE AGUA,10.004.811,,"-R$  225,65 "," R$  10.202,76 ",Despesas Diversas
4-out.,PG.P/INTERNET - SPRINGER CARRIER,10.004.824,,"-R$  98,35 "," R$  10.104,41 ",Equipamentos
4-out.,PG.P/INTERNET - FGTS,10.004.833,,"-R$  974,51 "," R$  9.129,90 ",Impostos e Taxas
5-out.,CR.EMPRESTIMO,1," R$  80.000,00 ",," R$  89.129,90 ",Empréstimos
5-out.,CR.APL.RDCPOS - RESGATE DE APLICAÇÕES,78," R$  2.166,11 ",," R$  91.296,01 ",Despesas Diversas
5-out.,CR.APL.RDCPOS - RESGATE DE APLICAÇÕES,79," R$  3.833,88 ",," R$  95.129,89 ",Despesas Diversas
5-out.,PIX TRANSF PAGADOR,304.872.748,,"-R$  4,99 "," R$  95.124,90 ",Despesas Diversas
5-out.,DEBITO PIX - ANTONIO ODENIR FERRAZ - PAGTO 2ª PARTE RANGER,304.872.748,,"-R$  95.000,00 "," R$  124,90 ",Despesas Diversas
6-out.,CREDITO TED - PAGSEGURO INTERNET LTDA,33.002.158," R$  1.272,31 ",," R$  1.397,21 ",Seguros
9-out.,CREDITO TED - PAGSEGURO INTERNET LTDA,34.290.591," R$  685,59 ",," R$  2.082,80 ",Seguros
10-out.,DB. ALLIANZ - SEGURO SPIN 3 DE 10,84624000166,,"-R$  184,61 "," R$  1.898,19 ",Seguros
11-out.,CREDITO TED - PAGSEGURO INTERNET LTDA,34.379.462," R$  1.342,52 ",," R$  3.240,71 ",Seguros
16-out.,DB. COTAS,19.911,,"-R$  69,50 "," R$  3.171,21 ",Despesas Diversas
16-out.,DB. ALLIANZ - SEGURO RANGER  DE E DE 9,84624000166,,"-R$  219,08 "," R$  2.952,13 ",Seguros
19-out.,CREDITO TED - PAGSEGURO INTERNET LTDA,34.209.432," R$  841,65 ",," R$  3.793,78 ",Seguros
20-out.,CREDITO TED - PAGSEGURO INTERNET LTDA,34.458.461," R$  987,75 ",," R$  4.781,53 ",Seguros
24-out.,CREDITO TED - PAGSEGURO INTERNET LTDA,33.830.056," R$  431,29 ",," R$  5.212,82 ",Seguros
24-out.,PG.P/INTERNET - LIGGA TELECOM,10.002.417,,"-R$  149,90 "," R$  5.062,92 ",Despesas Diversas
24-out.,PG.P/INTERNET - NET FONE,10.002.429,,"-R$  136,00 "," R$  4.926,92 ",Contas de Consumo
24-out.,PG.P/INTERNET - CELULAR,10.002.549,,"-R$  64,54 "," R$  4.862,38 ",Contas de Consumo
24-out.,PG.P/INTERNET - MED CURITIBA,10.002.558,,"-R$  111,45 "," R$  4.750,93 ",Saúde
31-out.,CREDITO TED - PAGSEGURO INTERNET LTDA,34.169.369," R$  392,65 ",," R$  5.143,58 ",Seguros
31-out.,PG.P/INTERNET - VR BENEFICIOS E SERV. DE PROC.,10.003.446,,"-R$  1.600,00 "," R$  3.543,58 ",Despesas Diversas
3-nov.,CREDITO TED - PAGSEGURO INTERNET LTDA,34.538.423," R$  1.173,36 ",," R$  4.716,94 ",Seguros
3-nov.,PG.P/INTERNET - CONTA DE AGUA,10.004.966,,"-R$  204,88 "," R$  4.512,06 ",Despesas Diversas
7-nov.,CREDITO TED - PAGSEGURO INTERNET LTDA,33.011.666," R$  1.617,22 ",," R$  6.129,28 ",Seguros
8-nov.,CREDITO TED - PAGSEGURO INTERNET LTDA,34.143.501," R$  1.255,30 ",," R$  7.384,58 ",Seguros
8-nov.,PG.P/INTERNET - ALUGUEL,10.003.285,,"-R$  4.707,97 "," R$  2.676,61 ",Aluguel
9-nov.,CREDITO TED - PAGSEGURO INTERNET LTDA,33.944.258," R$  2.178,74 ",," R$  4.855,35 ",Seguros
10-nov.,PREST.EMPREST 001/048,5,,"-R$  2.460,29 "," R$  2.395,06 ",Empréstimos
10-nov.,DB. ALLIANZ  SEGURO RANGER  DE 4 DE 10,84624000166,,"-R$  184,61 "," R$  2.210,45 ",Seguros
10-nov.,DB. ALLIANZ  SEGURO RANGER  DE 2 DE 09,46240001660,,"-R$  219,08 "," R$  1.991,37 ",Seguros
10-nov.,CREDITO TED - PAGSEGURO INTERNET LTDA,34.501.625," R$  592,31 ",," R$  2.583,68 ",Seguros
14-nov.,PG.P/INTERNET - PARANA CLINICAS - PLANOS DE SAUDE,10.005.086,,"-R$  895,72 "," R$  1.687,96 ",Despesas Diversas
16-nov.,DB. COTAS,19.911,,"-R$  69,50 "," R$  1.618,46 ",Despesas Diversas
16-nov.,CREDITO TED - PAGSEGURO INTERNET LTDA,34.731.352," R$  720,88 ",," R$  2.339,34 ",Seguros
16-nov.,PG.P/INTERNET - ENERGIA LJ 3,10.007.338,,"-R$  137,33 "," R$  2.202,01 ",Contas de Consumo
16-nov.,PG.P/INTERNET - ENERGIA LJ 4,10.007.416,,"-R$  56,38 "," R$  2.145,63 ",Contas de Consumo
16-nov.,PG.P/INTERNET - ENERGIA LJ 6,10.007.435,,"-R$  395,83 "," R$  1.749,80 ",Contas de Consumo
17-nov.,CREDITO TED - PAGSEGURO INTERNET LTDA,34.622.115," R$  878,77 ",," R$  2.628,57 ",Seguros
21-nov.,CREDITO TED - PAGSEGURO INTERNET LTDA,34.258.693," R$  785,67 ",," R$  3.414,24 ",Seguros
22-nov.,CREDITO TED - PAGSEGURO INTERNET LTDA,34.060.178," R$  2.069,36 ",," R$  5.483,60 ",Seguros
24-nov.,PG.P/INTERNET - LIGGA TELECOM,10.002.456,,"-R$  149,90 "," R$  5.333,70 ",Despesas Diversas
24-nov.,PG.P/INTERNET - NET FONE,10.002.468,,"-R$  136,85 "," R$  5.196,85 ",Contas de Consumo
24-nov.,PG.P/INTERNET - CELULAR,10.002.488,,"-R$  64,54 "," R$  5.132,31 ",Contas de Consumo
24-nov.,PG.P/INTERNET - MED CURITIBA,10.002.517,,"-R$  105,45 "," R$  5.026,86 ",Saúde
24-nov.,CREDITO TED - PAGSEGURO INTERNET LTDA,34.003.122," R$  1.081,92 ",," R$  6.108,78 ",Seguros
28-nov.,CREDITO TED - PAGSEGURO INTERNET LTDA,33.986.810," R$  1.562,47 ",," R$  7.671,25 ",Seguros
29-nov.,PG.P/INTERNET - VT CINTHYA E BRENDA,10.001.013,,"-R$  483,03 "," R$  7.188,22 ",Transporte
30-nov.,PG.P/INTERNET - VR BENEFICIOS E SERV. DE PROC.,10.002.775,,"-R$  1.700,00 "," R$  5.488,22 ",Despesas Diversas
1-dez.,PG.P/INTERNET - SPRINGER CARRIER,10.005.252,,"-R$  198,60 "," R$  5.289,62 ",Equipamentos
1-dez.,PG.P/INTERNET - SELETROAR - PARCELA 4 DE 5,10.005.266,,"-R$  92,79 "," R$  5.196,83 ",Empréstimos
4-dez.,CREDITO TED - PAGSEGURO INTERNET LTDA,34.491.933,"431,29",,"5.628,12",Seguros
4-dez.,PG.P/INTERNET - GRPR (GNRE GUIA ESTADUAL),10.006.164,,"-R$  285,13 "," R$  5.342,99 ",Despesas Diversas
4-dez.,PG.P/INTERNET - CONTA DE AGUA,10.006.201,,"-R$  267,20 "," R$  5.075,79 ",Despesas Diversas
4-dez.,PG.P/INTERNET - WHITE MARTINS,10.006.232,,"-R$  150,34 "," R$  4.925,45 ",Despesas Diversas
6-dez.,PIX TRANSF PAGADOR,335.786.268,,"-R$  2,80 "," R$  4.922,65 ",Despesas Diversas
6-dez.,DEBITO PIX - Nicolas Falavinha Christino,335.786.268,,"-R$  932,65 "," R$  3.990,00 ",Despesas Diversas
7-dez.,PG.P/INTERNET - FGTS,10.005.613,,"-R$  1.359,02 "," R$  2.630,98 ",Impostos e Taxas
8-dez.,CR.APL.RDCPOS - RESGATE DE APLICAÇÕES,99," R$  10.000,00 ",," R$  12.630,98 ",Despesas Diversas
8-dez.,CREDITO TED - PAGSEGURO INTERNET LTDA,34.215.373," R$  855,23 ",," R$  13.486,21 ",Seguros
8-dez.,PG.P/INTERNET - ALUGUEL,10.004.915,,"-R$  4.707,97 "," R$  8.778,24 ",Aluguel
8-dez.,DEBITO PIX - Elisabete Seolin Galindo - PAGTO PRO-LABORE,337.846.340,,"-R$  1.335,00 "," R$  7.443,24 ",Despesas Diversas
8-dez.,PIX TRANSF PAGADOR,337.846.340,,"-R$  4,00 "," R$  7.439,24 ",Despesas Diversas
8-dez.,PIX TRANSF PAGADOR,337.848.723,,"-R$  4,00 "," R$  7.435,24 ",Despesas Diversas
8-dez.,DEBITO PIX - Claudio Vinicius Galindo - PAGTO PRO-LABORE,337.848.723,,"-R$  1.335,00 "," R$  6.100,24 ",Despesas Diversas
8-dez.,PG.P/INTERNET - PAGTO ESTAGIARIOS,10.005.271,,"-R$  925,38 "," R$  5.174,86 ",Despesas Diversas
11-dez.,PREST.EMPREST 002/048,3,,"-R$  2.460,29 "," R$  2.714,57 ",Empréstimos
11-dez.,DB. ALLIANZ SEGURO RANGER  DE 5 DE 10,84624000166,,"-R$  184,61 "," R$  2.529,96 ",Seguros
11-dez.,DB. ALLIANZ SEGURO RANGER  DE 3 DE 09,46240001660,,"-R$  219,08 "," R$  2.310,88 ",Seguros
11-dez.,CREDITO TED - PAGSEGURO INTERNET LTDA,34.384.375," R$  423,55 ",," R$  2.734,43 ",Seguros
11-dez.,PG.P/INTERNET - SPRINGER CARRIER,10.009.882,,"-R$  371,29 "," R$  2.363,14 ",Equipamentos
11-dez.,PG.P/INTERNET - WHITE MARTINS,10.009.953,,"-R$  39,76 "," R$  2.323,38 ",Despesas Diversas
12-dez.,PG.P/INTERNET - FRESNOMAQ INDUSTRIA DE MAQUINA (WAP),10.001.689,,"-R$  153,98 "," R$  2.169,40 ",Despesas Diversas
13-dez.,CREDITO TED - PAGSEGURO INTERNET LTDA,34.187.505," R$  4.580,06 ",," R$  6.749,46 ",Seguros
14-dez.,PG.P/INTERNET - CARTAO AMERICAN,10.002.823,,"-R$  2.910,74 "," R$  3.838,72 ",Despesas Diversas
14-dez.,PG.P/INTERNET - ENERGIA LJ 3,10.002.838,,"-R$  176,16 "," R$  3.662,56 ",Contas de Consumo
14-dez.,PG.P/INTERNET - ENERGIA LJ 4,10.002.853,,"-R$  62,70 "," R$  3.599,86 ",Contas de Consumo
14-dez.,PG.P/INTERNET - ENERGIA LJ 6,10.002.862,,"-R$  423,90 "," R$  3.175,96 ",Contas de Consumo
14-dez.,PG.P/INTERNET - SPRINGER CARRIER,10.002.878,,"-R$  11,46 "," R$  3.164,50 ",Equipamentos
14-dez.,PG.P/INTERNET - PARANA CLINICAS - PLANOS DE SA,10.002.894,,"-R$  895,72 "," R$  2.268,78 ",Despesas Diversas
14-dez.,PG.P/INTERNET - PARANA CLINICAS - PLANOS DE SA,10.002.910,,"-R$  148,52 "," R$  2.120,26 ",Despesas Diversas
15-dez.,DB. COTAS,19.911,,"-R$  69,50 "," R$  2.050,76 ",Despesas Diversas
15-dez.,CREDITO TED - PAGSEGURO INTERNET LTDA,34.340.855," R$  474,92 ",," R$  2.525,68 ",Seguros
18-dez.,CREDITO TED - PAGSEGURO INTERNET LTDA,34.550.609," R$  624,51 ",," R$  3.150,19 ",Seguros
19-dez.,CR.APL.RDCPOS,130," R$  12.839,93 ",," R$  15.990,12 ",Despesas Diversas
19-dez.,CR.APL.RDCPOS,131," R$  1.791,32 ",," R$  17.781,44 ",Despesas Diversas
19-dez.,PIX TRANSF PAGADOR,344.226.945,,"-R$  4,99 "," R$  17.776,45 ",Despesas Diversas
19-dez.,DEBITO PIX - TATYANA TAMYRES DA SILVA CHAVIER - RESCISÃO,344.226.945,,"-R$  6.296,71 "," R$  11.479,74 ",Despesas Diversas
20-dez.,PG.P/INTERNET - FGTS RESCISAO TATYANA,10.002.768,,"-R$  2.543,57 "," R$  8.936,17 ",Impostos e Taxas
20-dez.,PG.P/INTERNET - DARF - INSS,10.002.901,,"-R$  1.294,66 "," R$  7.641,51 ",Impostos e Taxas
20-dez.,PG.P/INTERNET - DARF - DECIMO TERCEIRO SALARIO,10.002.965,,"-R$  568,76 "," R$  7.072,75 ",Impostos e Taxas
20-dez.,PG.P/INTERNET - DARF REF ALUGUEL,10.002.997,,"-R$  84,58 "," R$  6.988,17 ",Aluguel
20-dez.,PG.P/INTERNET - DAS - SIMPLES NACIONAL,10.003.044,,"-R$  2.409,25 "," R$  4.578,92 ",Despesas Diversas
21-dez.,CREDITO TED - PAGSEGURO INTERNET LTDA,34.231.336," R$  469,68 ",," R$  5.048,60 ",Seguros
22-dez.,CREDITO TED - PAGSEGURO INTERNET LTDA,34.282.466," R$  573,42 ",," R$  5.622,02 ",Seguros
22-dez.,PG.P/INTERNET - MED CURITIBA,10.004.951,,"-R$  115,99 "," R$  5.506,03 ",Saúde
22-dez.,PG.P/INTERNET - PACKPAR EMBALAGENS EIRELI,10.004.956,,"-R$  377,00 "," R$  5.129,03 ",Equipamentos
26-dez.,PG.P/INTERNET - CELULAR,10.002.740,,"-R$  64,54 "," R$  5.064,49 ",Contas de Consumo
26-dez.,PG.P/INTERNET - LIGGA TELECOM,10.002.741,,"-R$  149,90 "," R$  4.914,59 ",Despesas Diversas
26-dez.,PG.P/INTERNET - NET FONE,,,"-R$  136,00 "," R$  4.778,59 ",Contas de Consumo
27-dez.,CREDITO TED - PAGSEGURO INTERNET LTDA,," R$  736,47 ",," R$  5.515,06 ",Seguros
28-dez.,CREDITO TED - PAGSEGURO INTERNET LTDA,," R$  1.374,44 ",," R$  6.889,50 ",Seguros
28-dez.,PG.P/INTERNET - VALE TRANSPORTE BENDA E RONALDO,,,"-R$  381,03 "," R$  6.508,47 ",Transporte
28-dez.,PG.P/INTERNET - VR BENEFICIOS E SERV. DE PROC.,,,"-R$  1.850,00 "," R$  4.658,47 ",Despesas Diversas
5-jan.,CREDITO TED - PAGSEGURO INTERNET LTDA,34.055.650," R$  639,50 ",," R$  5.297,97 ",Seguros
5-jan.,PG.P/INTERNET - CONTA DE AGUA,10.004.106,,"-R$  267,20 "," R$  5.030,77 ",Despesas Diversas
5-jan.,PG.P/INTERNET - PAGAMENTO FGTS,10.004.200,,"-R$  1.337,71 "," R$  3.693,06 ",Impostos e Taxas
5-jan.,PG.P/INTERNET - SPRINGER CARRIER,10.006.454,,"-R$  454,33 "," R$  3.238,73 ",Equipamentos
8-jan.,CREDITO TED - PAGSEGURO INTERNET LTDA,34.511.583," R$  410,38 ",," R$  3.649,11 ",Seguros
10-jan.,PREST.EMPREST 003/048,2,,"-R$  2.460,29 "," R$  1.188,82 ",Empréstimos
10-jan.,DB. ALLIANZ SEGURO RANGER  DE 6 DE 10,84624000166,,"-R$  184,61 "," R$  1.004,21 ",Seguros
10-jan.,DB. ALLIANZ SEGURO RANGER  DE 4 DE 09,46240001660,,"-R$  219,08 "," R$  785,13 ",Seguros
10-jan.,CREDITO TED - PAGSEGURO INTERNET LTDA,34.393.369," R$  1.095,98 ",," R$  1.881,11 ",Seguros
11-jan.,CREDITO TED - PAGSEGURO INTERNET LTDA,33.994.334," R$  693,66 ",," R$  2.574,77 ",Seguros
11-jan.,PG.P/INTERNET - EMBALATEC IND EMBALAGENS LTDA,10.003.339,,"-R$  824,60 "," R$  1.750,17 ",Equipamentos
15-jan.,DB. COTAS,19.911,,"-R$  69,50 "," R$  1.680,67 ",Despesas Diversas
15-jan.,CREDITO TED - PAGSEGURO INTERNET LTDA,34.220.028," R$  1.052,57 ",," R$  2.733,24 ",Seguros
15-jan.,PG.P/INTERNET - SPRINGER CARRIER,10.006.159,,"-R$  1.684,84 "," R$  1.048,40 ",Equipamentos
15-jan.,PG.P/INTERNET - PARANA CLINICAS - PLANOS DE SA,10.006.128,,"-R$  895,72 "," R$  152,68 ",Despesas Diversas
16-jan.,CREDITO TED - PAGSEGURO INTERNET LTDA,33.958.870," R$  374,30 ",," R$  526,98 ",Seguros
19-jan.,CREDITO TED - PAGSEGURO INTERNET LTDA,34.113.353," R$  3.261,02 ",," R$  3.788,00 ",Seguros
24-jan.,PG.P/INTERNET - PACKPAR EMBALAGENS EIRELI,10.001.312,,"-R$  377,00 "," R$  3.411,00 ",Equipamentos
24-jan.,PG.P/INTERNET - CELULAR,10.001.321,,"-R$  64,54 "," R$  3.346,46 ",Contas de Consumo
24-jan.,PG.P/INTERNET - NET FONE,10.001.327,,"-R$  136,00 "," R$  3.210,46 ",Contas de Consumo
24-jan.,PG.P/INTERNET - LIGGA TELECOM,10.001.341,,"-R$  149,90 "," R$  3.060,56 ",Despesas Diversas
24-jan.,CREDITO TED - PAGSEGURO INTERNET LTDA,34.100.141," R$  1.720,24 ",," R$  4.780,80 ",Seguros
26-jan.,CREDITO TED - PAGSEGURO INTERNET LTDA,34.086.042," R$  1.085,47 ",," R$  5.866,27 ",Seguros
29-jan.,CREDITO TED - PAGSEGURO INTERNET LTDA,34.203.691," R$  216,70 ",," R$  6.082,97 ",Seguros
29-jan.,PG.P/INTERNET - PACKPAR EMBALAGENS EIRELI,10.003.388,,"-R$  196,56 "," R$  5.886,41 ",Equipamentos
29-jan.,PG.P/INTERNET - VALE TRANSPORTE,10.003.456,,"-R$  573,03 "," R$  5.313,38 ",Transporte
29-jan.,PG.P/INTERNET - MED CURITIBA,10.003.472,,"-R$  137,07 "," R$  5.176,31 ",Saúde
31-jan.,PG.P/INTERNET - VR BENEFICIOS E SERV. DE PROC.,10.003.899,,"-R$  1.700,00 "," R$  3.476,31 ",Despesas Diversas
5-fev.,CREDITO TED - PAGSEGURO INTERNET LTDA,34.750.103," R$  1.857,11 ",," R$  5.333,42 ",Seguros
5-fev.,PG.P/INTERNET - CONTA DE AGUA,10.007.042,,"-R$  204,88 "," R$  5.128,54 ",Despesas Diversas
8-fev.,CREDITO TED - PAGSEGURO INTERNET LTDA,34.018.611," R$  1.557,23 ",," R$  6.685,77 ",Seguros
14-fev.,PG.P/INTERNET - REFRIGERACAO DUFRIO COMERCIO E,10.005.460,,"-R$  720,44 "," R$  5.965,33 ",Despesas Diversas
14-fev.,PG.P/INTERNET - SPRINGER CARRIER,10.005.474,,"-R$  1.684,79 "," R$  4.280,54 ",Equipamentos
14-fev.,PREST.EMPREST 004/048,2,,"-R$  2.460,29 "," R$  1.820,25 ",Empréstimos
14-fev.,DB. ALLIANZ SEGURO RANGER  DE 7 DE 10,84624000166,,"-R$  184,61 "," R$  1.635,64 ",Seguros
14-fev.,DB. ALLIANZ SEGURO RANGER  DE 5 DE 09,46240001660,,"-R$  219,08 "," R$  1.416,56 ",Seguros
14-fev.,CREDITO TED - PAGSEGURO INTERNET LTDA,34.736.976," R$  638,71 ",," R$  2.055,27 ",Seguros
15-fev.,DB. COTAS,19.911,,"-R$  69,50 "," R$  1.985,77 ",Despesas Diversas
15-fev.,PG.P/INTERNET - PARANA CLINICAS - CONSULTA,10.005.979,,"-R$  59,66 "," R$  1.926,11 ",Despesas Diversas
15-fev.,PG.P/INTERNET - PARANA CLINICAS - PLANOS DE SA,10.006.008,,"-R$  895,72 "," R$  1.030,39 ",Despesas Diversas
16-fev.,PG.P/INTERNET - ENERGIA LJ 3,10.004.766,,"-R$  180,74 "," R$  849,65 ",Contas de Consumo
16-fev.,PG.P/INTERNET - ENERGIA LJ 4,10.004.769,,"-R$  61,34 "," R$  788,31 ",Contas de Consumo
16-fev.,PG.P/INTERNET - ENERGIA LJ 6,10.004.783,,"-R$  642,90 "," R$  145,41 ",Contas de Consumo
19-fev.,CREDITO TED - PAGSEGURO INTERNET LTDA,34.370.474," R$  1.052,94 ",," R$  1.198,35 ",Seguros
19-fev.,PG.P/INTERNET - DAIKIN AR COND BRASIL LTDA,10.003.338,,"-R$  880,18 "," R$  318,17 ",Despesas Diversas
21-fev.,CREDITO TED - PAGSEGURO INTERNET LTDA,33.991.190," R$  1.199,98 ",," R$  1.518,15 ",Seguros
23-fev.,PG.P/INTERNET - NET FONE,10.003.548,,"-R$  136,00 "," R$  1.382,15 ",Contas de Consumo
23-fev.,PG.P/INTERNET - LIGGA TELECOM,10.003.596,,"-R$  149,90 "," R$  1.232,25 ",Despesas Diversas
23-fev.,PG.P/INTERNET - CELULAR,10.003.606,,"-R$  64,54 "," R$  1.167,71 ",Contas de Consumo
23-fev.,PG.P/INTERNET - MED CURITIBA,10.003.612,,"-R$  113,45 "," R$  1.054,26 ",Saúde
26-fev.,CREDITO TED - PAGSEGURO INTERNET LTDA,34.256.958," R$  872,44 ",," R$  1.926,70 ",Seguros
26-fev.,CREDITO TED - PAGSEGURO INTERNET LTDA,33.034.351," R$  990,15 ",," R$  2.916,85 ",Seguros
27-fev.,PG.P/INTERNET - VALE TRANSPORTE,10.003.497,,"-R$  603,03 "," R$  2.313,82 ",Transporte
29-fev.,CREDITO TED - PAGSEGURO INTERNET LTDA,34.614.378," R$  224,12 ",," R$  2.537,94 ",Seguros
29-fev.,PG.P/INTERNET - VR BENEFICIOS E SERV. DE PROC.,10.004.670,,"-R$  1.550,00 "," R$  987,94 ",Despesas Diversas
1-mar.,CREDITO TED - PAGSEGURO INTERNET LTDA,34.647.989," R$  979,36 ",," R$  1.967,30 ",Seguros
4-mar.,PG.P/INTERNET - CONTA DE AGUA,10.003.958,,"-R$  175,70 "," R$  1.791,60 ",Despesas Diversas
11-mar.,PREST.EMPREST 005/048,2,,"-R$  2.460,29 ","-R$  668,69 ",Empréstimos
11-mar.,DB. ALLIANZ SEGURO RANGER  DE 8 DE 10,84624000166,,"-R$  184,61 ","-R$  853,30 ",Seguros
11-mar.,DB. ALLIANZ SEGURO RANGER  DE 6 DE 09,46240001660,,"-R$  219,08 ","-R$  1.072,38 ",Seguros
11-mar.,CREDITO TED - PAGSEGURO INTERNET LTDA,33.012.039," R$  662,01 ",,"-R$  410,37 ",Seguros
11-mar.,CREDITO PIX -ECEELTEC ELETROELET -RECEBIDO DO BANCO INTER,385.954.507," R$  420,00 ",," R$  9,63 ",Pagamentos e Créditos
13-mar.,CREDITO TED - PAGSEGURO INTERNET LTDA,34.141.047," R$  826,43 ",," R$  836,06 ",Seguros
5-mar.,DB. COTAS,19.911,,"-R$  69,50 "," R$  766,56 ",Despesas Diversas
15-mar.,CREDITO TED - PAGSEGURO INTERNET LTDA,34.751.657," R$  2.889,25 ",," R$  3.655,81 ",Seguros
15-mar.,PG.P/INTERNET - CARTAO AMERICAN,10.006.916,,"-R$  2.745,61 "," R$  910,20 ",Despesas Diversas
15-mar.,PG.P/INTERNET - WHITE MARTINS,10.006.989,,"-R$  48,42 "," R$  861,78 ",Despesas Diversas
15-mar.,PG.P/INTERNET - ENERGIA LJ 3,10.007.005,,"-R$  172,97 "," R$  688,81 ",Contas de Consumo
15-mar.,PG.P/INTERNET - ENERGIA LJ 4,10.007.017,,"-R$  55,27 "," R$  633,54 ",Contas de Consumo
15-mar.,PG.P/INTERNET - ENERGIA LJ 6,10.007.059,,"-R$  493,10 "," R$  140,44 ",Contas de Consumo
18-mar.,CREDITO TED - PAGSEGURO INTERNET LTDA,34.457.213," R$  1.014,13 ",," R$  1.154,57 ",Seguros
18-mar.,PG.P/INTERNET - FRESNOMAQ INDUSTRIA DE MAQUINA,10.005.587,,"-R$  213,37 "," R$  941,20 ",Despesas Diversas
19-mar.,CREDITO TED - PAGSEGURO INTERNET LTDA,33.935.131," R$  1.187,31 ",," R$  2.128,51 ",Seguros
20-mar.,CREDITO TED - PAGSEGURO INTERNET LTDA,34.487.257," R$  625,08 ",," R$  2.753,59 ",Seguros
21-mar.,CREDITO TED - PAGSEGURO INTERNET LTDA,34.091.135," R$  117,25 ",," R$  2.870,84 ",Seguros
22-mar.,CREDITO TED - PAGSEGURO INTERNET LTDA,34.028.776," R$  250,51 ",," R$  3.121,35 ",Seguros
25-mar.,CREDITO TED - PAGSEGURO INTERNET LTDA,34.456.285," R$  233,76 ",," R$  3.355,11 ",Seguros
25-mar.,PG.P/INTERNET - NET FONE,10.006.069,,"-R$  154,53 "," R$  3.200,58 ",Contas de Consumo
25-mar.,PG.P/INTERNET - LIGGA TELECOM,10.006.089,,"-R$  149,90 "," R$  3.050,68 ",Despesas Diversas
25-mar.,PG.P/INTERNET - CELULAR,10.006.108,,"-R$  69,18 "," R$  2.981,50 ",Contas de Consumo
25-mar.,PG.P/INTERNET - MED CURITIBA,10.006.123,,"-R$  126,53 "," R$  2.854,97 ",Saúde
25-mar.,PG.P/INTERNET - FRESNOMAQ INDUSTRIA DE MAQUINA,10.006.178,,"-R$  155,56 "," R$  2.699,41 ",Despesas Diversas
28-mar.,PG.P/INTERNET - VR BENEFICIOS E SERV. DE PROC.,10.003.844,,"-R$  1.950,00 "," R$  749,41 ",Despesas Diversas
28-mar.,PG.P/INTERNET - CONSELHO REGIONAL DOS TECNICOS-ECEEL-TEC,10.003.938,,"-R$  337,40 "," R$  412,01 ",Despesas Diversas
28-mar.,PG.P/INTERNET - CONSELHO REGIONAL DOS TECNICOS-CLAUDIO,10.003.967,,"-R$  337,40 "," R$  74,61 ",Despesas Diversas
28-mar.,CREDITO TED - PAGSEGURO INTERNET LTDA,34.724.271," R$  1.357,23 ",," R$  1.431,84 ",Seguros
3-abr.,PG.P/INTERNET - CONTA DE AGUA,10.002.681,,"-R$  287,98 "," R$  1.143,86 ",Despesas Diversas
9-abr.,CREDITO TED - PAGSEGURO INTERNET LTDA,34.059.864," R$  558,78 ",," R$  1.702,64 ",Seguros
10-abr.,PREST.EMPREST 006/048,2,,"-R$  2.460,29 ","-R$  757,65 ",Empréstimos
10-abr.,DB. ALLIANZ SEGURO RANGER  DE 9 DE 10,84624000166,,"-R$  184,61 ","-R$  942,26 ",Seguros
10-abr.,DB. ALLIANZ SEGURO RANGER  DE 7 DE 09,46240001660,,"-R$  219,08 ","-R$  1.161,34 ",Seguros
10-abr.,CREDITO TED - PAGSEGURO INTERNET LTDA,34.438.433," R$  1.095,49 ",,"-R$  65,85 ",Seguros
10-abr.,CREDITO PIX - ECEELTEC ELETROELET,401.713.286," R$  100,00 ",," R$  34,15 ",Pagamentos e Créditos
12-abr.,CREDITO TED - PAGSEGURO INTERNET LTDA,34.113.849," R$  1.238,74 ",," R$  1.272,89 ",Seguros
15-abr.,CREDITO PIX - ECEEL-TEC ELETROELETRONICA INFORMA,403.652.523," R$  389,66 ",," R$  1.662,55 ",Pagamentos e Créditos
15-abr.,DB. COTAS,19.911,,"-R$  69,50 "," R$  1.593,05 ",Despesas Diversas
15-abr.,PG.P/INTERNET - PARANA CLINICAS - PLANOS DE SA,10.004.323,,"-R$  1.069,79 "," R$  523,26 ",Despesas Diversas
15-abr.,CREDITO TED - PAGSEGURO INTERNET LTDA,34.914.171," R$  492,66 ",," R$  1.015,92 ",Seguros
16-abr.,PG.P/INTERNET - ENERGIA LJ 3,10.001.610,,"-R$  190,32 "," R$  825,60 ",Contas de Consumo
16-abr.,PG.P/INTERNET - ENERGIA LJ 4,10.001.616,,"-R$  59,85 "," R$  765,75 ",Contas de Consumo
16-abr.,PG.P/INTERNET - ENERGIA LJ 6,10.001.628,,"-R$  488,82 "," R$  276,93 ",Contas de Consumo
16-abr.,CREDITO TED - PAGSEGURO INTERNET LTDA,34.057.067," R$  386,40 ",," R$  663,33 ",Seguros
18-abr.,CREDITO TED - PAGSEGURO INTERNET LTDA,33.999.768," R$  241,32 ",," R$  904,65 ",Seguros
19-abr.,CREDITO PIX - PAGSEGURO INTERNET LTDA,406.376.516," R$  1.520,18 ",," R$  2.424,83 ",Seguros
23-abr.,CREDITO TED - PAGSEGURO INTERNET LTDA,34.021.425," R$  3.018,73 ",," R$  5.443,56 ",Seguros
25-abr.,PG.P/INTERNET - NET FONE,10.003.245,,"-R$  140,11 "," R$  5.303,45 ",Contas de Consumo
25-abr.,PG.P/INTERNET - LIGGA TELECOM,10.003.262,,"-R$  149,90 "," R$  5.153,55 ",Despesas Diversas
25-abr.,PG.P/INTERNET - CELULAR,10.003.278,,"-R$  70,12 "," R$  5.083,43 ",Contas de Consumo
25-abr.,PG.P/INTERNET - MED CURITIBA,10.003.290,,"-R$  105,45 "," R$  4.977,98 ",Saúde
29-abr.,PG.P/INTERNET - VALE TRANSPORTE,10.001.866,,"-R$  567,03 "," R$  4.410,95 ",Transporte
30-abr.,PG.P/INTERNET - VR BENEFICIOS E SERV. DE PROC.,10.002.381,,"-R$  1.950,00 "," R$  2.460,95 ",Despesas Diversas
6-mai.,PG.P/INTERNET - CONTA DE AGUA,10.006.718,,"-R$  184,10 "," R$  2.276,85 ",Despesas Diversas
7-mai.,CREDITO TED - PAGSEGURO INTERNET LTDA,34.966.778," R$  1.319,90 ",," R$  3.596,75 ",Seguros
8-mai.,PG.P/INTERNET - CIEE - PR,10.003.674,,"-R$  550,19 "," R$  3.046,56 ",Educação
10-mai.,PREST.EMPREST 007/048 - COMPRA DA RANGER,2,,"-R$  2.460,29 "," R$  586,27 ",Empréstimos
10-mai.,DB. ALLIANZ SEGURO RANGER  DE 10 DE 10,84624000166,,"-R$  184,72 "," R$  401,55 ",Seguros
10-mai.,DB. ALLIANZ SEGURO RANGER  DE 08 DE 09,46240001660,,"-R$  219,08 "," R$  182,47 ",Seguros
10-mai.,PG.P/INTERNET - WHITE MARTINS,10.004.083,,"-R$  48,42 "," R$  134,05 ",Despesas Diversas
10-mai.,CREDITO TED - PAGSEGURO INTERNET LTDA,34.331.348," R$  386,40 ",," R$  520,45 ",Seguros
13-mai.,PG.P/INTERNET - REFRIGERACAO DUFRIO COMERCIO E,10.006.488,,"-R$  311,32 "," R$  209,13 ",Despesas Diversas
13-mai.,CREDITO TED - PAGSEGURO INTERNET LTDA,34.454.997," R$  165,55 ",," R$  374,68 ",Seguros
15-mai.,DB. COTAS,19.911,,"-R$  69,50 "," R$  305,18 ",Despesas Diversas
15-mai.,CREDITO TED - PAGSEGURO INTERNET LTDA,34.852.816," R$  464,40 ",," R$  769,58 ",Seguros
16-mai.,CREDITO TED - PAGSEGURO INTERNET LTDA,34.126.331," R$  631,89 ",," R$  1.401,47 ",Seguros
17-mai.,CREDITO PIX - PAGSEGURO INTERNET LTDA,421.413.937," R$  168,05 ",," R$  1.569,52 ",Seguros
21-mai.,CREDITO PIX - PAGSEGURO INTERNET LTDA,423.305.479," R$  1.372,11 ",," R$  2.941,63 ",Seguros
23-mai.,CREDITO PIX - PAGSEGURO INTERNET LTDA,424.120.150," R$  1.025,69 ",," R$  3.967,32 ",Seguros
27-mai.,CREDITO PIX - PAGSEGURO INTERNET LTDA,425.441.430," R$  1.202,67 ",," R$  5.169,99 ",Seguros
27-mai.,PG.P/INTERNET - CELULAR,10.004.203,,"-R$  70,12 "," R$  5.099,87 ",Contas de Consumo
27-mai.,PG.P/INTERNET - LIGGA TELECOM,10.004.224,,"-R$  149,90 "," R$  4.949,97 ",Despesas Diversas
27-mai.,PG.P/INTERNET - NET FONE,10.004.235,,"-R$  139,96 "," R$  4.810,01 ",Contas de Consumo
27-mai.,PG.P/INTERNET - MED CURITIBA,10.004.263,,"-R$  105,45 "," R$  4.704,56 ",Saúde
27-mai.,PG.P/INTERNET - VT - NICOLAS E RONALDO,10.004.295,,"-R$  363,03 "," R$  4.341,53 ",Transporte
28-mai.,CREDITO PIX - PAGSEGURO INTERNET LTDA,426.238.583," R$  137,14 ",," R$  4.478,67 ",Seguros
29-mai.,PG.P/INTERNET - VR BENEFICIOS E SERV. DE PROC.,10.002.935,,"-R$  1.750,00 "," R$  2.728,67 ",Despesas Diversas
29-mai.,CREDITO PIX - PAGSEGURO INTERNET LTDA,426782773," R$  193,96 ",," R$  2.922,63 ",Seguros
7-jun.,CREDITO TED - PAGSEGURO INTERNET LTDA,34.301.847," R$  905,00 ",," R$  3.827,63 ",Seguros
10-jun.,PREST.EMPREST 008/048 - COMPRA DA RANGER,2,,"-R$  2.460,29 "," R$  1.367,34 ",Empréstimos
10-jun.,DB. ALLIANZ SEGURO RANGER  DE 09 DE 09,84624000166,,"-R$  219,26 "," R$  1.148,08 ",Seguros
10-jun.,CREDITO PIX - PAGSEGURO INTERNET LTDA,433.909.114," R$  2.348,52 ",," R$  3.496,60 ",Seguros
2-jun.,CREDITO TED - PAGSEGURO INTERNET LTDA,34.195.161," R$  2.242,17 ",," R$  5.738,77 ",Seguros
14-jun.,CREDITO TED - PAGSEGURO INTERNET LTDA,34.322.327," R$  1.936,83 ",," R$  7.675,60 ",Seguros
14-jun.,PG.P/INTERNET - PARANA CLINICAS - PLANOS DE SA,10.003.193,,"-R$  1.069,79 "," R$  6.605,81 ",Despesas Diversas
14-jun.,PG.P/INTERNET - SPRINGER CARRIER - NF 826885 - 1 DE 2,10.003.220,,"-R$  68,35 "," R$  6.537,46 ",Equipamentos
14-jun.,PG.P/INTERNET - ENERGIA LJ 3,10.003.250,,"-R$  170,28 "," R$  6.367,18 ",Contas de Consumo
14-jun.,PG.P/INTERNET - ENERGIA LJ 4,10.003.283,,"-R$  68,08 "," R$  6.299,10 ",Contas de Consumo
14-jun.,PG.P/INTERNET - ENERGIA LJ 6,10.003.298,,"-R$  480,96 "," R$  5.818,14 ",Contas de Consumo
17-jun.,DB. COTAS,19.911,,"-R$  69,50 "," R$  5.748,64 ",Despesas Diversas
17-jun.,CREDITO PIX - ECEEL-TEC ELETROELETRONICA INFORMA,437.707.788," R$  801,78 ",," R$  6.550,42 ",Pagamentos e Créditos
18-jun.,CREDITO PIX - ECEEL-TEC ELETROELETRONICA INFORMA,438.369.471," R$  1.358,54 ",," R$  7.908,96 ",Pagamentos e Créditos
20-jun.,CREDITO PIX - ECEEL-TEC ELETROELETRONICA INFORMA,439.343.660," R$  492,50 ",," R$  8.401,46 ",Pagamentos e Créditos
20-jun.,PG.P/INTERNET - VR BENEFICIOS E SERV. DE PROC. - VR JUAN,10.006.532,,"-R$  200,00 "," R$  8.201,46 ",Despesas Diversas
24-jun.,CREDITO PIX - ECEEL-TEC ELETROELETRONICA INFORMA,441.277.519," R$  1.173,69 ",," R$  9.375,15 ",Pagamentos e Créditos
25-jun.,PG.P/INTERNET - MED CURITIBA,10.002.010,,"-R$  115,99 "," R$  9.259,16 ",Saúde
25-jun.,PG.P/INTERNET - NET FONE,10.002.018,,"-R$  147,89 "," R$  9.111,27 ",Contas de Consumo
25-jun.,PG.P/INTERNET - CELULAR,10.002.039,,"-R$  70,12 "," R$  9.041,15 ",Contas de Consumo
25-jun.,PG.P/INTERNET - LIGGA TELECOM,10.002.069,,"-R$  149,90 "," R$  8.891,25 ",Despesas Diversas
25-jun.,PG.P/INTERNET - SPRINGER CARRIER,10.002.090,,"-R$  497,32 "," R$  8.393,93 ",Equipamentos
25-jun.,CREDITO TED - PAGSEGURO INTERNET LTDA,34.192.564," R$  487,83 ",," R$  8.881,76 ",Seguros
28-jun.,PG.P/INTERNET - VR BENEFICIOS E SERV. DE PROC.,10.002.932,,"-R$  1.800,00 "," R$  7.081,76 ",Despesas Diversas
1-jul.,PG.P/INTERNET - SPRINGER CARRIER NF 825745 - 2 DE 2 parc.,10.005.538,,"-R$  376,66 "," R$  6.705,10 ",Equipamentos
5-jul.,PG.P/INTERNET - CONTA DE AGUA,10.002.355,,"-R$  210,86 "," R$  6.494,24 ",Despesas Diversas
8-jul.,PG.P/INTERNET - SPRINGER CARRIER (REF. SERV. DE INSTALAÇÃO CARTÃO SIM),10.006.896,,"-R$  98,35 "," R$  6.395,89 ",Equipamentos
8-jul.,PG.P/INTERNET - REFRIGERACAO DUFRIO COMERCIO E,10.006.908,,"-R$  311,22 "," R$  6.084,67 ",Despesas Diversas
8-jul.,PG.P/INTERNET - CIEE - PR (ESTAGIÁRIO),10.006.921,,"-R$  550,19 "," R$  5.534,48 ",Educação
10-jul.,PREST.EMPREST 009/048  - COMPRA DA RANGER,3,,"-R$  2.460,29 "," R$  3.074,19 ",Empréstimos
15-jul.,DB. COTAS,19.911,,"-R$  69,50 "," R$  3.004,69 ",Despesas Diversas
15-jul.,PG.P/INTERNET - WHITE MARTINS,10.005.438,,"-R$  48,42 "," R$  2.956,27 ",Despesas Diversas
15-jul.,PG.P/INTERNET - PARANA CLINICAS - PLANOS DE SA,10.005.514,,"-R$  854,12 "," R$  2.102,15 ",Despesas Diversas
15-jul.,PG.P/INTERNET - ENERGIA LJ 3,10.005.569,,"-R$  175,07 "," R$  1.927,08 ",Contas de Consumo
15-jul.,PG.P/INTERNET - ENERGIA LJ 4,10.005.736,,"-R$  51,43 "," R$  1.875,65 ",Contas de Consumo
15-jul.,PG.P/INTERNET - ENERGIA LJ 6,10.005.746,,"-R$  446,74 "," R$  1.428,91 ",Contas de Consumo
15-jul.,PG.P/INTERNET - SPRINGER CARRIER,10.005.793,,"-R$  68,35 "," R$  1.360,56 ",Equipamentos
19-jul.,CREDITO TED - PAGSEGURO INTERNET LTDA,34.178.064," R$  24,73 ",," R$  1.385,29 ",Seguros
24-jul.,CREDITO PIX - STONE PAGAMENTOS-MAQUININHA TON,457.654.032," R$  1.868,40 ",," R$  3.253,69 ",Pagamentos e Créditos
25-jul.,PG.P/INTERNET - CELULAR,10.002.282,,"-R$  70,12 "," R$  3.183,57 ",Contas de Consumo
25-jul.,PG.P/INTERNET - LIGGA TELECOM,10.002.284,,"-R$  149,90 "," R$  3.033,67 ",Despesas Diversas
25-jul.,PG.P/INTERNET - NET FONE,10.002.319,,"-R$  139,96 "," R$  2.893,71 ",Contas de Consumo
25-jul.,PG.P/INTERNET - MED CURITIBA,10.002.338,,"-R$  156,90 "," R$  2.736,81 ",Saúde
26-jul.,CREDITO PIX - STONE PAGAMENTOS-MAQUININHA TON,458.789.355," R$  1.000,00 ",," R$  3.736,81 ",Pagamentos e Créditos
30-jul.,CREDITO PIX - PAGSEGURO INTERNET LTDA,460.372.221," R$  39,40 ",," R$  3.776,21 ",Seguros
31-jul.,PG.P/INTERNET - VR BENEFICIOS E SERV. DE PROC.,10.003.049,,"-R$  2.053,34 "," R$  1.722,87 ",Despesas Diversas
31-jul.,PG.P/INTERNET - JUNTA COMERCIAL,10.003.118,,"-R$  44,20 "," R$  1.678,67 ",Despesas Diversas
9-ago.,CREDITO PIX - PAGBANK - MAQUININHA DE CARTÃO,466.925.811," R$  2.745,16 ",," R$  4.423,83 ",Pagamentos e Créditos
12-ago.,PREST.EMPREST 010/048 - COMPRA DA RANGER,3,,"-R$  2.460,29 "," R$  1.963,54 ",Empréstimos
15-ago.,DB. COTAS,19.911,,"-R$  69,50 "," R$  1.894,04 ",Despesas Diversas
16-ago.,DB. ALLIANZ SEGURO RANGER - 01 DE 10,84624000166,,"-R$  390,57 "," R$  1.503,47 ",Seguros
16-ago.,PG.P/INTERNET - ENERGIA LJ 3,10.003.415,,"-R$  211,10 "," R$  1.292,37 ",Contas de Consumo
16-ago.,PG.P/INTERNET - ENERGIA LJ 4,10.003.427,,"-R$  67,48 "," R$  1.224,89 ",Contas de Consumo
16-ago.,PG.P/INTERNET - ENERGIA LJ 6,10.003.439,,"-R$  553,96 "," R$  670,93 ",Contas de Consumo